@misc{dummy,
	author = {{Dummy}},
	year = {1337},
	url = {https://www.google.de}
}
