%% This BibTeX bibliography file was created using BibDesk.
%% http://bibdesk.sourceforge.net/


%% Created for Kathrin Smetana at 2016-02-11 16:46:23 +0100 


%% Saved with string encoding Unicode (UTF-8) 



@book{NocWri06,
	Author = {Nocedal, J. and Wright, S.~J.},
	Date-Added = {2016-02-11 15:45:54 +0000},
	Date-Modified = {2016-02-11 15:46:20 +0000},
	Edition = {Second},
	Isbn = {978-0387-30303-1; 0-387-30303-0},
	Mrclass = {90-01 (49Mxx 65K05 90-02 90C30)},
	Mrnumber = {2244940},
	Pages = {xxii+664},
	Publisher = {Springer, New York},
	Series = {Springer Series in Operations Research and Financial Engineering},
	Title = {Numerical optimization},
	Year = {2006},
	Bdsk-Url-1 = {http://www.ams.org/mathscinet-getitem?mr=2244940}}

@book{Wer07,
	Address = {Berlin Heidelberg},
	Author = {Werner, D. },
	Date-Added = {2016-02-11 14:47:27 +0000},
	Date-Modified = {2016-02-11 14:48:19 +0000},
	Publisher = {Springer},
	Title = {Funktionalanalysis},
	Year = {2007}}

@book{Alt06,
	Author = {Alt, H.~W.},
	Date-Added = {2016-02-11 14:45:32 +0000},
	Date-Modified = {2016-02-11 14:45:32 +0000},
	Publisher = {{Springer Berlin Heidelberg}},
	Title = {{Lineare Funktionalanalysis. Eine anwendungsorientierte Einf\"{u}hrung}},
	Year = {2006}}

@techreport{Haa11,
	Author = {Haasdonk, B.},
	Date-Added = {2016-02-11 14:22:42 +0000},
	Date-Modified = {2016-02-11 14:31:17 +0000},
	Institution = {Institut f\"{u}r Angewandte Analysis und Numerische Simulation, Universit\"{a}t Stuttgart},
	Title = {{Skript zur Vorlesung Reduzierte-Basis-Methoden}},
	Year = {2011}}

@book{BreSco08,
	Author = {Brenner, S.~C. and Scott, L.~R.},
	Date-Added = {2016-02-10 18:46:30 +0000},
	Date-Modified = {2016-02-10 18:47:01 +0000},
	Doi = {10.1007/978-0-387-75934-0},
	Edition = {Third},
	Isbn = {978-0-387-75933-3},
	Mrclass = {65-01 (65-02)},
	Mrnumber = {2373954},
	Pages = {xviii+397},
	Publisher = {Springer, New York},
	Series = {Texts in Applied Mathematics},
	Title = {The mathematical theory of finite element methods},
	Url = {http://dx.doi.org/10.1007/978-0-387-75934-0},
	Volume = {15},
	Year = {2008},
	Bdsk-Url-1 = {http://www.ams.org/mathscinet-getitem?mr=2373954}}

@book{Dziuk10,
	Address = {Berlin},
	Author = {Dziuk, G.},
	Date-Added = {2016-02-10 18:38:49 +0000},
	Date-Modified = {2016-02-10 18:39:25 +0000},
	Isbn = {978-3-11-014843-5/pbk; 978-3-11-021481-9/ebook},
	Language = {German},
	Msc2010 = {35-01 65-01 65Mxx 65Nxx},
	Pages = {ix + 319},
	Publisher = {Walter de Gruyter},
	Title = {{Theorie und Numerik partieller Differentialgleichungen.}},
	Year = {2010},
	Zbl = {1203.35001}}

@book{Alt12,
	Author = {Alt, H.~W.},
	Date-Added = {2016-02-10 18:08:08 +0000},
	Date-Modified = {2016-02-11 14:45:41 +0000},
	Publisher = {{Springer Berlin Heidelberg}},
	Title = {{Lineare Funktionalanalysis. Eine anwendungsorientierte Einf\"{u}hrung}},
	Year = {2012}}

@article{AmZaFa12,
	Author = {Amsallem, D. and Zahr, M.~J. and Farhat, C.},
	Date-Added = {2015-04-02 20:56:34 +0000},
	Date-Modified = {2015-04-02 20:56:34 +0000},
	Journal = {International Journal for Numerical Methods in Engineering},
	Number = {10},
	Pages = {891--916},
	Publisher = {Wiley Online Library},
	Title = {Nonlinear model order reduction based on local reduced-order bases},
	Volume = {92},
	Year = {2012}}

@incollection{DrHaOh11,
	Author = {Drohmann, M. and Haasdonk, B. and Ohlberger, M.},
	Booktitle = {Finite Volumes for Complex Applications VI Problems \& Perspectives},
	Date-Added = {2015-04-02 20:56:26 +0000},
	Date-Modified = {2015-04-02 20:56:26 +0000},
	Pages = {369--377},
	Publisher = {Springer},
	Title = {Adaptive Reduced Basis Methods for Nonlinear Convection--Diffusion Equations},
	Year = {2011}}

@techreport{SmePat15,
	Author = {K. Smetana and A.~T. Patera},
	Date-Added = {2015-03-06 22:34:42 +0000},
	Date-Modified = {2015-03-06 22:35:53 +0000},
	Institution = {MIT},
	Number = {70},
	Title = {Optimal local approximation spaces for component-based static condensation procedures},
	Year = {2015}}

@book{PesLec63,
	Author = {Pestel, E.~C. and Leckie, F.~A.},
	Date-Added = {2015-02-17 00:54:53 +0000},
	Date-Modified = {2015-02-17 00:55:24 +0000},
	Publisher = {McGraw-Hill New York},
	Title = {Matrix methods in elastomechanics},
	Year = {1963}}

@article{MarRozHaa14,
	Author = {Martini, I. and Rozza, G. and Haasdonk, B.},
	Date-Added = {2015-02-16 19:18:27 +0000},
	Date-Modified = {2015-02-16 19:34:22 +0000},
	Journal = {accepted for publication in Adv. Comput. Math.},
	Publisher = {Springer},
	Title = {Reduced basis approximation and a-posteriori error estimation for the coupled Stokes-Darcy system},
	Volume = {DOI 10.1007/s10444-014-9396-6},
	Year = {2014}}

@article{MMOPR00,
	Author = {Machiels, L. and Maday, Y. and Oliveira, I.~B. and Patera, A.~T. and Rovas, D.~V.},
	Coden = {CASMEI},
	Date-Added = {2015-02-14 19:58:14 +0000},
	Date-Modified = {2015-02-14 19:59:29 +0000},
	Doi = {10.1016/S0764-4442(00)00270-6},
	Fjournal = {Comptes Rendus de l'Acad{\'e}mie des Sciences. S{\'e}rie I. Math{\'e}matique},
	Issn = {0764-4442},
	Journal = {C. R. Acad. Sci. Paris S{\'e}r. I Math.},
	Mrclass = {65N25},
	Mrnumber = {1781533 (2001d:65148)},
	Number = {2},
	Pages = {153--158},
	Title = {Output bounds for reduced-basis approximations of symmetric positive definite eigenvalue problems},
	Url = {http://dx.doi.org/10.1016/S0764-4442(00)00270-6},
	Volume = {331},
	Year = {2000},
	Bdsk-Url-1 = {http://www.ams.org/mathscinet-getitem?mr=1781533}}

@techreport{AbdHen14,
	Author = {Abdulle, A. and Henning, P.},
	Date-Added = {2015-02-14 19:14:43 +0000},
	Date-Modified = {2015-02-14 19:23:53 +0000},
	Eprint = {1410.3253},
	Institution = {arXiv},
	Number = {1410.3253},
	Title = {A reduced basis localized orthogonal decomposition},
	Type = {arXiv preprint (submitted)},
	Url = {http://arxiv.org/abs/1410.3253},
	Year = {2014},
	Bdsk-Url-1 = {http://arxiv.org/abs/1410.3253}}

@article{HetKla14,
	Author = {Hetmaniuk, U. and Klawonn, A.},
	Date-Added = {2015-02-14 01:32:05 +0000},
	Date-Modified = {2015-02-14 01:32:52 +0000},
	Fjournal = {Electronic Transactions on Numerical Analysis},
	Journal = {Electron. Trans. Numer. Anal.},
	Pages = {109--132},
	Title = {Error estimates for a two-dimensional special finite element method based on component mode synthesis},
	Volume = {41},
	Year = {2014},
	Bdsk-Url-1 = {http://www.ams.org/mathscinet-getitem?mr=3225627}}

@article{DFY04,
	Author = {Dauge, M. and Faou, E. and Yosibash, Z.},
	Date-Added = {2015-02-12 23:53:06 +0000},
	Date-Modified = {2015-02-12 23:53:38 +0000},
	Journal = {Encyclopedia of computational mechanics},
	Publisher = {Wiley Online Library},
	Title = {Plates and shells: asymptotic expansions and hierarchic models},
	Year = {2004}}

@book{Tro76,
	Address = {Amsterdam},
	Author = {Troitsky, M.~S.},
	Date-Added = {2015-02-12 22:16:57 +0000},
	Date-Modified = {2015-02-12 22:18:24 +0000},
	Publisher = {Elsevier Scientific Pub. Co.},
	Title = {Stiffened plates: bending, stability, and vibrations},
	Year = {1976}}

@book{WTY90,
	Address = {New York},
	Author = {Weaver Jr, W. and Timoshenko, S.~P. and Young, D.~H.},
	Date-Added = {2015-02-06 14:25:49 +0000},
	Date-Modified = {2015-02-06 15:11:50 +0000},
	Publisher = {John Wiley \& Sons},
	Title = {Vibration problems in engineering},
	Year = {1990}}

@unpublished{PatSme15,
	Author = {A.~T. Patera and K. Smetana},
	Date-Added = {2015-02-02 21:56:52 +0000},
	Date-Modified = {2015-02-02 21:59:16 +0000},
	Note = {in preparation},
	Title = {Fully localized a posteriori error estimation for the port reduced static condensation reduced basis element method},
	Year = {2015}}

@manual{Eigen,
	Author = {Eigen},
	Date-Added = {2015-01-12 17:12:26 +0000},
	Date-Modified = {2015-01-12 17:17:22 +0000},
	Title = {a C++ linear algebra library: http://eigen.tuxfamily.org/},
	Bdsk-Url-1 = {http://eigen.tuxfamily.org/}}

@article{Haa13,
	Author = {Haasdonk, B.},
	Date-Added = {2014-11-05 22:13:29 +0000},
	Date-Modified = {2014-11-05 22:13:55 +0000},
	Journal = {ESAIM Math. Model. Numer. Anal.},
	Number = {3},
	Pages = {859--873},
	Title = {Convergence rates of the {POD}-greedy method},
	Volume = {47},
	Year = {2013},
	Bdsk-Url-1 = {http://www.ams.org/mathscinet-getitem?mr=3056412}}

@article{Kol36,
	Author = {Kolmogoroff, A.},
	Date-Added = {2014-10-22 15:20:46 +0000},
	Date-Modified = {2014-10-22 15:21:32 +0000},
	Journal = {Ann. of Math. (2)},
	Number = {1},
	Pages = {107--110},
	Title = {\"{U}ber die beste {A}nn{\"a}herung von {F}unktionen einer gegebenen {F}unktionenklasse},
	Volume = {37},
	Year = {1936},
	Bdsk-Url-1 = {http://www.ams.org/mathscinet-getitem?mr=1503273}}

@article{BaHuLi14,
	Author = {Babu{\v{s}}ka, I. and Huang, X. and Lipton, R.},
	Date-Added = {2014-10-21 14:55:37 +0000},
	Date-Modified = {2014-10-21 14:56:22 +0000},
	Journal = {ESAIM Math. Model. Numer. Anal.},
	Number = {2},
	Pages = {493--515},
	Title = {Machine computation using the exponentially convergent multiscale spectral generalized finite element method},
	Volume = {48},
	Year = {2014},
	Bdsk-Url-1 = {http://www.ams.org/mathscinet-getitem?mr=3177855}}

@article{BabLip11,
	Author = {Babu{\v{s}}ka, I. and Lipton, R.},
	Date-Added = {2014-10-21 14:52:32 +0000},
	Date-Modified = {2014-10-21 14:56:45 +0000},
	Journal = {Multiscale Model. Simul.},
	Number = {1},
	Pages = {373--406},
	Title = {Optimal local approximation spaces for generalized finite element methods with application to multiscale problems},
	Volume = {9},
	Year = {2011},
	Bdsk-Url-1 = {http://www.ams.org/mathscinet-getitem?mr=2801210}}

@book{GiaMar12,
	Author = {Giaquinta, M. and Martinazzi, L.},
	Date-Added = {2014-10-21 14:50:53 +0000},
	Date-Modified = {2014-10-21 14:54:00 +0000},
	Edition = {Second},
	Publisher = {Edizioni della Normale, Pisa},
	Series = {Appunti. Scuola Normale Superiore di Pisa (Nuova Serie) [Lecture Notes. Scuola Normale Superiore di Pisa (New Series)]},
	Title = {An introduction to the regularity theory for elliptic systems, harmonic maps and minimal graphs},
	Volume = {11},
	Year = {2012},
	Bdsk-Url-1 = {http://www.ams.org/mathscinet-getitem?mr=3099262}}

@article{DDFR99,
	Author = {Dauge, M. and Djurdjevic, I. and Faou, E. and R{{\"o}}ssle, A.},
	Coden = {JMPAAM},
	Date-Added = {2014-10-10 13:58:18 +0000},
	Date-Modified = {2014-10-10 13:58:51 +0000},
	Doi = {10.1016/S0021-7824(99)00138-5},
	Fjournal = {Journal de Math{\'e}matiques Pures et Appliqu{\'e}es. Neuvi{\`e}me S{\'e}rie},
	Issn = {0021-7824},
	Journal = {J. Math. Pures Appl. (9)},
	Mrclass = {74H45 (35P20 74K20)},
	Mrnumber = {1725748 (2000i:74037)},
	Mrreviewer = {Srinivasan Kesavan},
	Number = {9},
	Pages = {925--964},
	Title = {Eigenmode asymptotics in thin elastic plates},
	Url = {http://dx.doi.org/10.1016/S0021-7824(99)00138-5},
	Volume = {78},
	Year = {1999},
	Bdsk-Url-1 = {http://www.ams.org/mathscinet-getitem?mr=1725748}}

@article{OhlSme14,
	Author = {Ohlberger, M. and Smetana, K.},
	Date-Added = {2014-06-23 16:39:39 +0000},
	Date-Modified = {2014-06-23 16:41:42 +0000},
	Doi = {10.1137/130939122},
	Fjournal = {SIAM Journal on Scientific Computing},
	Issn = {1064-8275},
	Journal = {SIAM J. Sci. Comput.},
	Mrclass = {65N30 (35J25 65N15 65Y20)},
	Mrnumber = {3191595},
	Number = {2},
	Pages = {A714--A736},
	Title = {A dimensional reduction approach based on the application of reduced basis methods in the framework of hierarchical model reduction},
	Url = {http://dx.doi.org/10.1137/130939122},
	Volume = {36},
	Year = {2014},
	Bdsk-Url-1 = {http://www.ams.org/mathscinet-getitem?mr=3191595}}

@article{Vas97,
	Author = {Vassilevski, P~S.},
	Date-Added = {2014-06-16 14:37:30 +0000},
	Date-Modified = {2014-06-16 14:38:07 +0000},
	Doi = {10.1137/S0036144595282211},
	Fjournal = {{SIAM Review}},
	Issn = {0036-1445; 1095-7200/e},
	Journal = {{SIAM Rev.}},
	Language = {English},
	Msc2010 = {65N30 35J25 65F35 65N12 65F10 65N55},
	Number = {1},
	Pages = {18--53},
	Publisher = {Society for Industrial and Applied Mathematics (SIAM), Philadelphia, PA},
	Title = {On two ways of stabilizing the hierarchical basis multilevel methods.},
	Volume = {39},
	Year = {1997},
	Zbl = {0880.65085},
	Bdsk-Url-1 = {http://dx.doi.org/10.1137/S0036144595282211}}

@book{AinOde00,
	Author = {Ainsworth, M. and Oden, J.~T.},
	Date-Added = {2014-06-14 19:10:07 +0000},
	Date-Modified = {2014-06-14 19:10:35 +0000},
	Doi = {10.1002/9781118032824},
	Isbn = {0-471-29411-X},
	Mrclass = {65-02 (65N15)},
	Mrnumber = {1885308 (2003b:65001)},
	Mrreviewer = {Ricardo G. Dur{{\'a}}n},
	Pages = {xx+240},
	Publisher = {Wiley-Interscience [John Wiley \& Sons], New York},
	Series = {Pure and Applied Mathematics (New York)},
	Title = {A posteriori error estimation in finite element analysis},
	Url = {http://dx.doi.org/10.1002/9781118032824},
	Year = {2000},
	Bdsk-Url-1 = {http://www.ams.org/mathscinet-getitem?mr=1885308}}

@article{BabRhe78,
	Author = {Babu{\v{s}}ka, I. and Rheinboldt, W. C.},
	Date-Added = {2014-06-13 21:53:06 +0000},
	Date-Modified = {2014-06-13 21:53:22 +0000},
	Fjournal = {SIAM Journal on Numerical Analysis},
	Issn = {0036-1429},
	Journal = {SIAM J. Numer. Anal.},
	Mrclass = {65J05 (65N30)},
	Mrnumber = {0483395 (58 \#3400)},
	Mrreviewer = {William W. Hager},
	Number = {4},
	Pages = {736--754},
	Title = {Error estimates for adaptive finite element computations},
	Volume = {15},
	Year = {1978},
	Bdsk-Url-1 = {http://www.ams.org/mathscinet-getitem?mr=0483395}}

@article{Cia10,
	Author = {Ciarlet, P.~G.},
	Date-Added = {2014-06-11 15:05:00 +0000},
	Date-Modified = {2014-06-11 15:05:53 +0000},
	Doi = {10.1007/s11401-010-0606-3},
	Fjournal = {{Chinese Annals of Mathematics. Series B}},
	Issn = {0252-9599; 1860-6261/e},
	Journal = {{Chin. Ann. Math., Ser. B}},
	Language = {English},
	Msc2010 = {49N10 49N15 74B99},
	Number = {5},
	Pages = {607--618},
	Publisher = {Editorial Office of CAM, Fudan University, Shanghai; Springer, Heidelberg},
	Title = {{On Korn's inequality.}},
	Volume = {31},
	Year = {2010},
	Zbl = {1200.49039},
	Bdsk-Url-1 = {http://dx.doi.org/10.1007/s11401-010-0606-3}}

@article{Sme14,
	Author = {Smetana, K.},
	Date-Added = {2014-05-13 22:45:26 +0000},
	Date-Modified = {2014-12-01 19:43:50 +0000},
	Journal = {Comput. Methods Appl. Mech. Engrg.},
	Pages = {352---383},
	Title = {A new certification framework for the port reduced static condensation reduced basis element method},
	Volume = {283},
	Year = {2015},
	Bdsk-Url-1 = {http://augustine.mit.edu/methodology/papers/KS_CMAME_Mar2014.pdf}}

@book{LiLi07,
	Author = {Li, Gou-Qiang and Li, Jin-Jin},
	Date-Added = {2014-05-08 20:38:24 +0000},
	Date-Modified = {2014-05-08 20:38:45 +0000},
	Publisher = {John Wiley \&amp; Sons},
	Title = {Advanced analysis and design of steel frames},
	Year = {2007}}

@article{HanLar02,
	Author = {Hansbo, P. and Larson, M.~G.},
	Date-Added = {2014-05-06 22:31:05 +0000},
	Date-Modified = {2014-05-06 22:31:41 +0000},
	Journal = {Comput. Methods Appl. Mech. Engrg.},
	Number = {17-18},
	Pages = {1895--1908},
	Title = {Discontinuous {G}alerkin methods for incompressible and nearly incompressible elasticity by {N}itsche's method},
	Volume = {191},
	Year = {2002},
	Bdsk-Url-1 = {http://www.ams.org/mathscinet-getitem?mr=1886000}}

@article{Bre03,
	Author = {Brenner, S.~C.},
	Coden = {SJNAAM},
	Date-Added = {2014-05-06 20:31:35 +0000},
	Date-Modified = {2014-05-06 20:32:29 +0000},
	Journal = {SIAM J. Numer. Anal.},
	Number = {1},
	Pages = {306--324},
	Title = {Poincar\'{e}-{F}riedrichs inequalities for piecewise {$H^1$} functions},
	Volume = {41},
	Year = {2003},
	Bdsk-Url-1 = {http://www.ams.org/mathscinet-getitem?mr=1974504}}

@article{Bre04,
	Author = {Brenner, S.~C.},
	Date-Added = {2014-05-06 20:31:29 +0000},
	Date-Modified = {2014-05-06 20:33:09 +0000},
	Journal = {Math. Comp.},
	Number = {247},
	Pages = {1067--1087},
	Title = {Korn's inequalities for piecewise {$H^1$} vector fields},
	Volume = {73},
	Year = {2004},
	Bdsk-Url-1 = {http://www.ams.org/mathscinet-getitem?mr=2047078}}

@article{FrHuWo04,
	Author = {Fritz, A. and H{{\"u}}eber, S. and Wohlmuth, B. I.},
	Date-Added = {2014-05-06 19:08:13 +0000},
	Date-Modified = {2014-05-06 19:08:52 +0000},
	Journal = {Calcolo},
	Number = {3},
	Pages = {115--137},
	Title = {A comparison of mortar and {N}itsche techniques for linear elasticity},
	Volume = {41},
	Year = {2004},
	Bdsk-Url-1 = {http://www.ams.org/mathscinet-getitem?mr=2199546}}

@article{LeNeSuOr04,
	Author = {Lew, A. and Neff, P. and Sulsky, D. and Ortiz, M.},
	Date-Added = {2014-05-02 16:49:05 +0000},
	Date-Modified = {2014-05-02 16:49:51 +0000},
	Doi = {10.1155/S1687120004020052},
	Fjournal = {Applied Mathematics Research eXpress},
	Journal = {AMRX Appl. Math. Res. Express},
	Number = {3},
	Pages = {73--106},
	Title = {Optimal {BV} estimates for a discontinuous {G}alerkin method for linear elasticity},
	Year = {2004},
	Bdsk-Url-1 = {http://www.ams.org/mathscinet-getitem?mr=2091832}}

@book{DiPErn12,
	Author = {Di Pietro, Daniele Antonio and Ern, Alexandre},
	Date-Added = {2014-05-02 16:14:07 +0000},
	Date-Modified = {2014-05-02 16:15:05 +0000},
	Doi = {10.1007/978-3-642-22980-0},
	Publisher = {Springer, Heidelberg},
	Title = {Mathematical aspects of discontinuous {G}alerkin methods},
	Volume = {69},
	Year = {2012},
	Bdsk-Url-1 = {http://www.ams.org/mathscinet-getitem?mr=2882148}}

@book{Nor99,
	Author = {Norton, Robert L},
	Date-Added = {2014-04-28 17:38:19 +0000},
	Date-Modified = {2014-04-28 17:38:42 +0000},
	Publisher = {WCB McGraw-Hill},
	Title = {Design of machinery: an introduction to the synthesis and analysis of mechanisms and machines},
	Year = {1999}}

@book{Kur08,
	Author = {Kurrer, Karl-Eugen},
	Date-Added = {2014-04-28 17:21:54 +0000},
	Date-Modified = {2014-04-28 17:22:26 +0000},
	Publisher = {John Wiley \&amp; Sons},
	Title = {The history of the theory of structures: from arch analysis to computational mechanics},
	Year = {2008}}

@article{Arn82,
	Author = {Arnold, D.~N.},
	Coden = {SJNAAM},
	Date-Added = {2014-04-28 15:44:50 +0000},
	Date-Modified = {2014-04-28 15:45:35 +0000},
	Journal = {SIAM J. Numer. Anal.},
	Number = {4},
	Pages = {742--760},
	Title = {An interior penalty finite element method with discontinuous elements},
	Volume = {19},
	Year = {1982},
	Bdsk-Url-1 = {http://www.ams.org/mathscinet-getitem?mr=664882}}

@article{GiPeWhWi09,
	Author = {Girault, V. and Pencheva, G.~V. and Wheeler, M.~F. and Wildey, T.~M.},
	Coden = {CMMECC},
	Date-Added = {2014-04-26 21:39:21 +0000},
	Date-Modified = {2014-04-26 21:40:21 +0000},
	Journal = {Comput. Methods Appl. Mech. Engrg.},
	Number = {21-26},
	Pages = {1751--1765},
	Title = {Domain decomposition for linear elasticity with {DG} jumps and mortars},
	Volume = {198},
	Year = {2009},
	Bdsk-Url-1 = {http://www.ams.org/mathscinet-getitem?mr=2517943}}

@article{BeHaSt03,
	Author = {Becker, R. and Hansbo, P. and Stenberg, R.},
	Date-Added = {2014-04-26 21:37:16 +0000},
	Date-Modified = {2014-04-26 21:37:58 +0000},
	Doi = {10.1051/m2an:2003023},
	Fjournal = {M2AN. Mathematical Modelling and Numerical Analysis},
	Journal = {M2AN Math. Model. Numer. Anal.},
	Number = {2},
	Pages = {209--225},
	Title = {A finite element method for domain decomposition with non-matching grids},
	Volume = {37},
	Year = {2003},
	Bdsk-Url-1 = {http://www.ams.org/mathscinet-getitem?mr=1991197}}

@article{Nit71,
	Author = {Nitsche, J.},
	Date-Added = {2014-04-26 21:35:48 +0000},
	Date-Modified = {2014-04-26 21:36:29 +0000},
	Journal = {Abh. Math. Sem. Univ. Hamburg},
	Pages = {9--15},
	Title = {\"{U}ber ein {V}ariationsprinzip zur {L}{\"o}sung von {D}irichlet-{P}roblemen bei {V}erwendung von {T}eilr{\"a}umen, die keinen {R}andbedingungen unterworfen sind},
	Volume = {36},
	Year = {1971},
	Bdsk-Url-1 = {http://www.ams.org/mathscinet-getitem?mr=0341903}}

@book{TosWid05,
	Author = {Toselli, A. and Widlund, O.},
	Date-Added = {2014-03-17 21:54:56 +0000},
	Date-Modified = {2014-03-17 21:55:53 +0000},
	Publisher = {Springer-Verlag, Berlin},
	Series = {Springer Series in Computational Mathematics},
	Title = {Domain decomposition methods---algorithms and theory},
	Volume = {34},
	Year = {2005},
	Bdsk-Url-1 = {http://www.ams.org/mathscinet-getitem?mr=2104179}}

@article{Rep12,
	Author = {Repin, S.~I.},
	Date-Added = {2014-02-28 05:31:56 +0000},
	Date-Modified = {2014-02-28 05:55:11 +0000},
	Journal = {Journal of Mathematical Sciences},
	Number = {2},
	Pages = {1--15},
	Publisher = {Springer},
	Title = {Computable majorants of constants in the {P}oincar{\'e} and {F}riedrichs inequalities},
	Volume = {186},
	Year = {2012}}

@article{PayWei60,
	Author = {Payne, L.~E. and Weinberger, H.~F.},
	Date-Added = {2014-02-28 05:28:56 +0000},
	Date-Modified = {2014-02-28 05:54:48 +0000},
	Journal = {Archive for Rational Mechanics and Analysis},
	Number = {1},
	Pages = {286--292},
	Publisher = {Springer},
	Title = {An optimal {P}oincar{\'e} inequality for convex domains},
	Volume = {5},
	Year = {1960}}

@article{ErStVo10,
	Author = {Ern, A. and Stephansen, A.~F. and Vohral{\'{\i}}k, M.},
	Coden = {JCAMDI},
	Date-Added = {2014-02-24 20:00:55 +0000},
	Date-Modified = {2014-02-24 20:01:33 +0000},
	Doi = {10.1016/j.cam.2009.12.009},
	Fjournal = {Journal of Computational and Applied Mathematics},
	Issn = {0377-0427},
	Journal = {J. Comput. Appl. Math.},
	Mrclass = {65N30 (65N15 76S05)},
	Mrnumber = {2601287 (2011d:65358)},
	Mrreviewer = {Christian Vergara},
	Number = {1},
	Pages = {114--130},
	Title = {Guaranteed and robust discontinuous {G}alerkin a posteriori error estimates for convection-diffusion-reaction problems},
	Url = {http://dx.doi.org/10.1016/j.cam.2009.12.009},
	Volume = {234},
	Year = {2010},
	Bdsk-Url-1 = {http://www.ams.org/mathscinet-getitem?mr=2601287}}

@inproceedings{SHKO12,
	Author = {Schindler, F. and Haasdonk, B. and Kaulmann, S. and Ohlberger, M.},
	Booktitle = {Proceedings of Algoritmy 2012, Conference on Scientific Computing, Vysoke Tatry, Podbanske, September 9-14, 2012},
	Date-Added = {2014-02-19 20:48:34 +0000},
	Date-Modified = {2014-02-19 20:51:07 +0000},
	Pages = {393--403},
	Publisher = {Slovak University of Technology in Bratislava, Publishing House of STU},
	Title = {The localized reduced basis multiscale method},
	Year = {2012}}

@techreport{OhlSch14,
	Author = {Ohlberger, M. and Schindler, F.},
	Date-Added = {2014-02-19 20:35:51 +0000},
	Date-Modified = {2014-03-15 20:03:51 +0000},
	Eprint = {1401.7173},
	Title = {A-posteriori error estimates for the localized reduced basis multi-scale method},
	Year = {2014},
	Bdsk-Url-1 = {http://arxiv.org/abs/1401.7173}}

@article{KaOhHa11,
	Author = {Kaulmann, S. and Ohlberger, M. and Haasdonk, B.},
	Date-Added = {2014-02-19 20:00:38 +0000},
	Date-Modified = {2014-02-19 20:01:17 +0000},
	Doi = {10.1016/j.crma.2011.10.024},
	Fjournal = {Comptes Rendus Math{\'e}matique. Acad{\'e}mie des Sciences. Paris},
	Issn = {1631-073X},
	Journal = {C. R. Math. Acad. Sci. Paris},
	Mrclass = {65N30 (65N15)},
	Mrnumber = {2861991 (2012j:65408)},
	Number = {23-24},
	Pages = {1233--1238},
	Title = {A new local reduced basis discontinuous {G}alerkin approach for heterogeneous multiscale problems},
	Url = {http://dx.doi.org/10.1016/j.crma.2011.10.024},
	Volume = {349},
	Year = {2011},
	Bdsk-Url-1 = {http://www.ams.org/mathscinet-getitem?mr=2861991}}

@phdthesis{Iap12,
	Author = {Iapichino, L.},
	Date-Added = {2014-02-19 19:48:34 +0000},
	Date-Modified = {2014-02-19 19:50:37 +0000},
	School = {EPFL},
	Title = {Reduced basis methods for the solution of parametrized {PDE}s in repetitive and complex networks with application to {CFD}},
	Year = {2012}}

@article{IaQuRo12,
	Author = {Iapichino, L. and Quarteroni, A. and Rozza, G.},
	Date-Added = {2014-02-19 02:52:36 +0000},
	Date-Modified = {2014-03-15 20:00:46 +0000},
	Journal = {Comput. Methods Appl. Mech. Engrg.},
	Pages = {63--82},
	Title = {A reduced basis hybrid method for the coupling of parametrized domains represented by fluidic networks},
	Volume = {221/222},
	Year = {2012},
	Bdsk-Url-1 = {http://www.ams.org/mathscinet-getitem?mr=2913950}}

@article{MadRon02,
	Author = {Maday, Y. and R{\o}nquist, E.~M.},
	Date-Added = {2014-02-19 02:49:36 +0000},
	Date-Modified = {2014-02-19 02:50:13 +0000},
	Journal = {Journal of scientific computing},
	Number = {1-4},
	Pages = {447--459},
	Publisher = {Springer},
	Title = {A reduced-basis element method},
	Volume = {17},
	Year = {2002}}

@article{Val13,
	Author = {Vallagh\'{e}, S.},
	Date-Added = {2014-02-19 01:25:09 +0000},
	Date-Modified = {2014-02-19 01:26:02 +0000},
	Journal = {Math. Models Methods Appl. Sci. (submitted)},
	Title = {The static condensation reduced basis element method for parabolic problems},
	Year = {2013}}

@article{ValPat13,
	Author = {Vallagh\'{e}, S. and Patera, A.~T.},
	Date-Added = {2014-02-19 01:22:08 +0000},
	Date-Modified = {2014-02-19 01:26:13 +0000},
	Journal = {accepted for publication in SIAM J. Sci. Comp.},
	Title = {The static condensation reduced basis element method for a mixed-mean conjugate heat exchanger model},
	Year = {2013}}

@article{KnePet11,
	Author = {Knezevic, D.~J. and Peterson, J.~W.},
	Date-Added = {2014-02-18 23:02:51 +0000},
	Date-Modified = {2014-03-15 20:04:58 +0000},
	Journal = {{Comput. Methods Appl. Mech. Eng.}},
	Number = {13-16},
	Pages = {1455--1466},
	Title = {{A high-performance parallel implementation of the certified reduced basis method.}},
	Volume = {200},
	Year = {2011},
	Bdsk-Url-1 = {http://dx.doi.org/10.1016/j.cma.2010.12.026}}

@techreport{HRTV07,
	Author = {Hernandez, V. and Roman, J.~E. and Tomas, A. and Vidal, V.},
	Date-Added = {2014-02-18 22:57:38 +0000},
	Date-Modified = {2014-02-18 23:10:03 +0000},
	Institution = {Universidad Polit\`{e}cnica De Val\`{e}ncia, url: http://www.grycap.upv.es/slepc},
	Title = {Krylov-Schur Methods in {SLEP}c},
	Url = {http://www.grycap.upv.es/slepc},
	Year = {2007},
	Bdsk-Url-1 = {http://www.grycap.upv.es/slepc}}

@article{HeRoVi05,
	Author = {Hernandez, V. and Roman, J.~E. and Vidal, V.},
	Date-Added = {2014-02-18 22:56:21 +0000},
	Date-Modified = {2014-03-15 20:05:53 +0000},
	Journal = {ACM Trans. Math. Software},
	Number = {3},
	Pages = {351--362},
	Title = {S{LEP}c: a scalable and flexible toolkit for the solution of eigenvalue problems},
	Volume = {31},
	Year = {2005},
	Bdsk-Url-1 = {http://www.ams.org/mathscinet-getitem?mr=2266798},
	Bdsk-Url-2 = {http://dx.doi.org/10.1145/1089014.1089019}}

@article{Kiretal06,
	Author = {Kirk, B.~S. and Peterson, J.~W. and Stogner, R.~H. and Carey, G.~F.},
	Date-Added = {2014-02-18 22:09:12 +0000},
	Date-Modified = {2015-02-12 23:14:17 +0000},
	Journal = {Engineering with Computers},
	Number = {3-4},
	Pages = {237--254},
	Publisher = {Springer},
	Title = {\texttt{libMesh}: A {C++} library for parallel adaptive mesh refinement/coarsening simulations},
	Volume = {22},
	Year = {2006}}

@article{Hur65,
	Author = {Hurty, W.~C.},
	Date-Added = {2014-02-18 22:07:14 +0000},
	Date-Modified = {2014-02-18 22:07:46 +0000},
	Journal = {AIAA journal},
	Number = {4},
	Pages = {678--685},
	Title = {Dynamic analysis of structural systems using component modes},
	Volume = {3},
	Year = {1965}}

@article{BamCra68,
	Author = {Bampton, M. and Craig, R.},
	Date-Added = {2014-02-18 22:02:35 +0000},
	Date-Modified = {2014-02-18 22:03:35 +0000},
	Journal = {AIAA Journal},
	Number = {7},
	Pages = {1313--1319},
	Title = {Coupling of substructures for dynamic analyses.},
	Volume = {6},
	Year = {1968}}

@article{Bou92,
	Author = {Bourquin, F.},
	Date-Added = {2014-02-18 21:58:01 +0000},
	Date-Modified = {2014-02-18 21:58:19 +0000},
	Fjournal = {RAIRO Mod{\'e}lisation Math{\'e}matique et Analyse Num{\'e}rique},
	Issn = {0764-583X},
	Journal = {RAIRO Mod{\'e}l. Math. Anal. Num{\'e}r.},
	Mrclass = {65N25 (65N30 65N55)},
	Mrnumber = {1160133 (93a:65140)},
	Number = {3},
	Pages = {385--423},
	Title = {Component mode synthesis and eigenvalues of second order operators: discretization and algorithm},
	Volume = {26},
	Year = {1992},
	Bdsk-Url-1 = {http://www.ams.org/mathscinet-getitem?mr=1160133}}

@article{Ngu08,
	Author = {Nguyen, N. C.},
	Date-Added = {2014-02-18 04:04:21 +0000},
	Date-Modified = {2014-03-15 20:01:52 +0000},
	Journal = {J. Comput. Phys.},
	Number = {23},
	Pages = {9807--9822},
	Title = {A multiscale reduced-basis method for parametrized elliptic partial differential equations with multiple scales},
	Volume = {227},
	Year = {2008},
	Bdsk-Url-1 = {http://www.ams.org/mathscinet-getitem?mr=2469035},
	Bdsk-Url-2 = {http://dx.doi.org/10.1016/j.jcp.2008.07.025}}

@article{LarMal07,
	Author = {Larson, M.~G. and M{\aa}lqvist, A.},
	Date-Added = {2014-02-18 02:24:14 +0000},
	Date-Modified = {2014-03-15 20:03:08 +0000},
	Journal = {Comput. Methods Appl. Mech. Engrg.},
	Number = {21-24},
	Pages = {2313--2324},
	Title = {Adaptive variational multiscale methods based on a posteriori error estimation: energy norm estimates for elliptic problems},
	Volume = {196},
	Year = {2007},
	Bdsk-Url-1 = {http://www.ams.org/mathscinet-getitem?mr=2319044},
	Bdsk-Url-2 = {http://dx.doi.org/10.1016/j.cma.2006.08.019}}

@article{Greetal87,
	Author = {Gresho, P.~M and Lee, R.~L. and Sani, R.~L. and Maslanik, M.~K. and Eaton, B.~E.},
	Date-Added = {2014-02-18 02:21:35 +0000},
	Date-Modified = {2014-02-18 02:22:42 +0000},
	Journal = {Internat. J. Numer. Methods Fluids},
	Number = {4},
	Pages = {371--394},
	Publisher = {Wiley Online Library},
	Title = {The consistent Galerkin FEM for computing derived boundary quantities in thermal and or fluids problems},
	Volume = {7},
	Year = {1987}}

@article{BabMil84,
	Author = {Babu{\v{s}}ka, I. and Miller, A.},
	Date-Added = {2014-02-18 02:11:44 +0000},
	Date-Modified = {2014-02-18 02:22:59 +0000},
	Journal = {Int. J. Numer. Methods Eng.},
	Number = {6},
	Pages = {1085--1109},
	Publisher = {Wiley Online Library},
	Title = {The post-processing approach in the finite element method---part 1: Calculation of displacements, stresses and other higher derivatives of the displacements},
	Volume = {20},
	Year = {1984}}

@book{LioMag72,
	Author = {Lions, J.-L. and Magenes, E.},
	Date-Added = {2014-02-15 05:56:50 +0000},
	Date-Modified = {2014-02-15 05:59:34 +0000},
	Publisher = {Springer-Verlag Berlin},
	Title = {Non-homogeneous Boundary Value Problems and Applications 1},
	Year = {1972}}

@article{Hug95,
	Author = {Hughes, T.~ J.~R.},
	Coden = {CMMECC},
	Date-Added = {2014-02-14 21:16:20 +0000},
	Date-Modified = {2014-02-14 21:16:53 +0000},
	Doi = {10.1016/0045-7825(95)00844-9},
	Fjournal = {Computer Methods in Applied Mechanics and Engineering},
	Issn = {0045-7825},
	Journal = {Comput. Methods Appl. Mech. Engrg.},
	Mrclass = {65N30},
	Mrnumber = {1365381 (96h:65135)},
	Number = {1-4},
	Pages = {387--401},
	Title = {Multiscale phenomena: {G}reen's functions, the {D}irichlet-to-{N}eumann formulation, subgrid scale models, bubbles and the origins of stabilized methods},
	Url = {http://dx.doi.org/10.1016/0045-7825(95)00844-9},
	Volume = {127},
	Year = {1995},
	Bdsk-Url-1 = {http://www.ams.org/mathscinet-getitem?mr=1365381},
	Bdsk-Url-2 = {http://dx.doi.org/10.1016/0045-7825(95)00844-9}}

@article{MalPet13,
	Author = {M{\aa}lqvist, A. and Peterseim, D.},
	Date-Added = {2014-02-14 20:47:24 +0000},
	Date-Modified = {2014-02-14 20:49:42 +0000},
	Journal = {to appear in Math. Comp.},
	Title = {Localization of elliptic multiscale problems},
	Year = {2014}}

@book{ErnGue04,
	Address = {New York},
	Author = {Ern, A. and Guermond, J.},
	Date-Added = {2014-02-13 03:43:11 +0000},
	Date-Modified = {2014-02-13 03:43:36 +0000},
	Isbn = {0-387-20574-8},
	Mrclass = {65-02 (65M60 65N30 74S05 76M10 78M10)},
	Mrnumber = {2050138 (2005d:65002)},
	Mrreviewer = {R. S. Anderssen},
	Pages = {xiv+524},
	Publisher = {Springer-Verlag},
	Series = {Applied Mathematical Sciences},
	Title = {Theory and practice of finite elements},
	Volume = {159},
	Year = {2004},
	Bdsk-Url-1 = {http://www.ams.org/mathscinet-getitem?mr=2050138}}

@article{MaiHaa14,
	Author = {Maier, I. and Haasdonk, B.},
	Date-Added = {2014-02-12 00:09:32 +0000},
	Date-Modified = {2014-03-15 20:01:22 +0000},
	Journal = {Appl. Numer. Math.},
	Pages = {31--48},
	Title = {A {D}irichlet--{N}eumann reduced basis method for homogeneous domain decomposition problems},
	Volume = {78},
	Year = {2014},
	Bdsk-Url-1 = {http://www.ams.org/mathscinet-getitem?mr=3158730},
	Bdsk-Url-2 = {http://dx.doi.org/10.1016/j.apnum.2013.12.001}}

@article{EfGaHo13,
	Author = {Efendiev, Y. and Galvis, J. and Hou, T.~Y.},
	Date-Added = {2014-02-11 04:55:20 +0000},
	Date-Modified = {2014-02-19 21:29:34 +0000},
	Journal = {Journal of Computational Physics},
	Pages = {116--135},
	Title = {Generalized Multiscale Finite Element Methods ({GMsFEM})},
	Volume = {251},
	Year = {2013}}

@article{MR2666649,
	Author = {Hetmaniuk, Ulrich L. and Lehoucq, Richard B.},
	Date-Added = {2014-02-09 20:17:59 +0000},
	Date-Modified = {2014-02-09 20:17:59 +0000},
	Doi = {10.1051/m2an/2010007},
	Fjournal = {M2AN. Mathematical Modelling and Numerical Analysis},
	Issn = {0764-583X},
	Journal = {M2AN Math. Model. Numer. Anal.},
	Mrclass = {65N30 (35J20 35J25)},
	Mrnumber = {2666649 (2011e:65275)},
	Mrreviewer = {Marius Ghergu},
	Number = {3},
	Pages = {401--420},
	Title = {A special finite element method based on component mode synthesis},
	Url = {http://dx.doi.org/10.1051/m2an/2010007},
	Volume = {44},
	Year = {2010},
	Bdsk-Url-1 = {http://www.ams.org/mathscinet-getitem?mr=2666649},
	Bdsk-Url-2 = {http://dx.doi.org/10.1051/m2an/2010007}}

@article{JaBeLa11,
	Author = {Jakobsson, H. and Bengzon, F. and Larson, M.~G.},
	Date-Added = {2014-02-09 20:16:28 +0000},
	Date-Modified = {2014-03-15 19:58:35 +0000},
	Journal = {Internat. J. Numer. Methods Engrg.},
	Number = {7},
	Pages = {829--844},
	Title = {Adaptive component mode synthesis in linear elasticity},
	Volume = {86},
	Year = {2011},
	Bdsk-Url-1 = {http://www.ams.org/mathscinet-getitem?mr=2829770},
	Bdsk-Url-2 = {http://dx.doi.org/10.1002/nme.3078}}

@article{EftPat13b,
	Author = {Eftang, J.~L. and Patera, A.~T.},
	Date-Added = {2014-02-08 22:46:35 +0000},
	Date-Modified = {2014-03-15 20:02:34 +0000},
	Journal = {Advanced Modeling and Simulation in Engineering Sciences},
	Number = {3},
	Title = {A port-reduced static condensation reduced basis element method for large component-synthesized structures: approximation and \emph{A posteriori} error estimation},
	Volume = {1},
	Year = {2014},
	Bdsk-Url-1 = {http://www.amses-journal.com/content/1/1/3}}

@article{AbEEnVa12,
	Author = {Abdulle, A. and E, W. and Engquist, B. and Vanden-Eijnden, E.},
	Date-Added = {2014-01-18 18:01:20 +0000},
	Date-Modified = {2014-01-18 18:01:20 +0000},
	Fjournal = {Acta Numerica},
	Journal = {Acta Numer.},
	Pages = {1--87},
	Title = {The heterogeneous multiscale method},
	Volume = {21},
	Year = {2012},
	Bdsk-Url-1 = {http://www.ams.org/mathscinet-getitem?mr=2916381}}

@article{AbKa09,
	Author = {Abgrall, R. and Karni, S.},
	Date-Added = {2014-01-18 18:01:20 +0000},
	Date-Modified = {2014-01-18 18:01:20 +0000},
	Doi = {10.1137/06067167X},
	Fjournal = {SIAM Journal on Scientific Computing},
	Issn = {1064-8275},
	Journal = {SIAM J. Sci. Comput.},
	Mrclass = {76B70 (35L65 76M12 76N15)},
	Mrnumber = {2491538 (2010d:76020)},
	Mrreviewer = {Piotr Biler},
	Number = {3},
	Pages = {1603--1627},
	Title = {Two-layer shallow water system: a relaxation approach},
	Url = {http://dx.doi.org/10.1137/06067167X},
	Volume = {31},
	Year = {2009},
	Bdsk-Url-1 = {http://www.ams.org/mathscinet-getitem?mr=2491538},
	Bdsk-Url-2 = {http://dx.doi.org/10.1137/06067167X}}

@inproceedings{ACLCH13,
	Author = {Aguado, J.~V. and Chinesta, F. and Leygue, A. and Cueto, E. and Huerta, A.},
	Booktitle = {Proceedings of the VI International Conference on Adaptive Modeling and Simulation (ADMOS 2013) held in Lisbon, Portugal, 3--5 June 2013},
	Date-Added = {2014-01-18 18:01:20 +0000},
	Date-Modified = {2014-01-18 18:01:20 +0000},
	Editor = {de Almeida, J.~P.~M. and D\'{i}ez, P. and Tiago, C. and Par\'{e}s, N.},
	Title = {{DEIM}-based {PGD} for parametric nonlinear model order reduction},
	Year = {2013}}

@article{Ain98,
	Author = {Ainsworth, M.},
	Coden = {NUMMA7},
	Date-Added = {2014-01-18 18:01:20 +0000},
	Date-Modified = {2014-01-18 18:01:20 +0000},
	Doi = {10.1007/s002110050370},
	Fjournal = {Numerische Mathematik},
	Issn = {0029-599X},
	Journal = {Numer. Math.},
	Mrclass = {65N15 (65N30 73V05 80A20)},
	Mrnumber = {1648883 (99i:65119)},
	Mrreviewer = {Anna-Margarete S{{\"a}}ndig},
	Number = {3},
	Pages = {325--362},
	Title = {A posteriori error estimation for fully discrete hierarchic models of elliptic boundary value problems on thin domains},
	Url = {http://dx.doi.org/10.1007/s002110050370},
	Volume = {80},
	Year = {1998},
	Bdsk-Url-1 = {http://www.ams.org/mathscinet-getitem?mr=1648883},
	Bdsk-Url-2 = {http://dx.doi.org/10.1007/s002110050370}}

@article{AkrMakNoc06,
	Author = {Akrivis, G. and Makridakis, C. and Nochetto, R.~H.},
	Coden = {MCMPAF},
	Date-Added = {2014-01-18 18:01:20 +0000},
	Date-Modified = {2014-01-18 18:01:20 +0000},
	Doi = {10.1090/S0025-5718-05-01800-4},
	Fjournal = {Mathematics of Computation},
	Issn = {0025-5718},
	Journal = {Math. Comp.},
	Mrclass = {65M06 (65G20 65M12 65M15)},
	Mrnumber = {2196979 (2007a:65114)},
	Mrreviewer = {Carlos A. de Moura},
	Number = {254},
	Pages = {511--531},
	Title = {A posteriori error estimates for the {C}rank-{N}icolson method for parabolic equations},
	Url = {http://dx.doi.org/10.1090/S0025-5718-05-01800-4},
	Volume = {75},
	Year = {2006},
	Bdsk-Url-1 = {http://www.ams.org/mathscinet-getitem?mr=2196979},
	Bdsk-Url-2 = {http://dx.doi.org/10.1090/S0025-5718-05-01800-4}}

@article{AmChHu10,
	Author = {Ammar, A and Chinesta, F and Diez, P and Huerta, A},
	Date-Added = {2014-01-18 18:01:20 +0000},
	Date-Modified = {2014-01-18 18:01:20 +0000},
	Journal = {Computer Methods in Applied Mechanics and Engineering},
	Number = {25},
	Pages = {1872--1880},
	Publisher = {Elsevier},
	Title = {An error estimator for separated representations of highly multidimensional models},
	Volume = {199},
	Year = {2010}}

@article{AmMoChKe06,
	Author = {Ammar, A. and Mokdad, B. and Chinesta, F. and Keunings, R.},
	Date-Added = {2014-01-18 18:01:20 +0000},
	Date-Modified = {2014-01-18 18:01:20 +0000},
	Journal = {Journal of Non-Newtonian Fluid Mechanics},
	Number = {3},
	Pages = {153--176},
	Publisher = {Elsevier},
	Title = {A new family of solvers for some classes of multidimensional partial differential equations encountered in kinetic theory modeling of complex fluids},
	Volume = {139},
	Year = {2006}}

@article{AmMoChKe07,
	Author = {Ammar, A. and Mokdad, B. and Chinesta, F. and Keunings, R.},
	Date-Added = {2014-01-18 18:01:20 +0000},
	Date-Modified = {2014-01-18 18:01:20 +0000},
	Journal = {Journal of Non-Newtonian Fluid Mechanics},
	Number = {2},
	Pages = {98--121},
	Publisher = {Elsevier},
	Title = {A new family of solvers for some classes of multidimensional partial differential equations encountered in kinetic theory modelling of complex fluids: Part II: Transient simulation using space-time separated representations},
	Volume = {144},
	Year = {2007}}

@article{AuBrDe08,
	Author = {Audusse, E. and Bristeau, M. O. and Decoene, A.},
	Coden = {IJNFDW},
	Date-Added = {2014-01-18 18:01:20 +0000},
	Date-Modified = {2014-01-18 18:01:20 +0000},
	Doi = {10.1002/fld.1534},
	Fjournal = {International Journal for Numerical Methods in Fluids},
	Issn = {0271-2091},
	Journal = {Internat. J. Numer. Methods Fluids},
	Mrclass = {76D05 (65M06 76M12)},
	Mrnumber = {2378555 (2008k:76036)},
	Number = {3},
	Pages = {331--350},
	Title = {Numerical simulations of 3{D} free surface flows by a multilayer {S}aint-{V}enant model},
	Url = {http://dx.doi.org/10.1002/fld.1534},
	Volume = {56},
	Year = {2008},
	Bdsk-Url-1 = {http://www.ams.org/mathscinet-getitem?mr=2378555},
	Bdsk-Url-2 = {http://dx.doi.org/10.1002/fld.1534}}

@article{AuBrPeSa11,
	Author = {Audusse, E. and Bristeau, M.-O. and Perthame, B. and Sainte-Marie, J.},
	Date-Added = {2014-01-18 18:01:20 +0000},
	Date-Modified = {2014-01-18 18:01:20 +0000},
	Doi = {10.1051/m2an/2010036},
	Fjournal = {ESAIM. Mathematical Modelling and Numerical Analysis},
	Issn = {0764-583X},
	Journal = {ESAIM Math. Model. Numer. Anal.},
	Mrclass = {76D05 (35Q30 35Q31 35R35 65M08)},
	Mrnumber = {2781135 (2012g:76044)},
	Mrreviewer = {St{{\'e}}phane Gerbi},
	Number = {1},
	Pages = {169--200},
	Title = {A multilayer {S}aint-{V}enant system with mass exchanges for shallow water flows. {D}erivation and numerical validation},
	Url = {http://dx.doi.org/10.1051/m2an/2010036},
	Volume = {45},
	Year = {2011},
	Bdsk-Url-1 = {http://www.ams.org/mathscinet-getitem?mr=2781135},
	Bdsk-Url-2 = {http://dx.doi.org/10.1051/m2an/2010036}}

@article{Aud05,
	Author = {Audusse, E.},
	Date-Added = {2014-01-18 18:01:20 +0000},
	Date-Modified = {2014-01-18 18:01:20 +0000},
	Doi = {10.3934/dcdsb.2005.5.189},
	Fjournal = {Discrete and Continuous Dynamical Systems. Series B. A Journal Bridging Mathematics and Sciences},
	Issn = {1531-3492},
	Journal = {Discrete Contin. Dyn. Syst. Ser. B},
	Mrclass = {35Q30 (35Q35 76D05 76M12)},
	Mrnumber = {2129374 (2006a:35229)},
	Mrreviewer = {Yoshikazu Giga},
	Number = {2},
	Pages = {189--214},
	Title = {A multilayer {S}aint-{V}enant model: derivation and numerical validation},
	Url = {http://dx.doi.org/10.3934/dcdsb.2005.5.189},
	Volume = {5},
	Year = {2005},
	Bdsk-Url-1 = {http://www.ams.org/mathscinet-getitem?mr=2129374},
	Bdsk-Url-2 = {http://dx.doi.org/10.3934/dcdsb.2005.5.189}}

@article{BabSch96,
	Author = {Babu{\v{s}}ka, I. and Schwab, C.},
	Coden = {SJNAAM},
	Date-Added = {2014-01-18 18:01:20 +0000},
	Date-Modified = {2014-01-18 18:01:20 +0000},
	Doi = {10.1137/0733013},
	Fjournal = {SIAM Journal on Numerical Analysis},
	Issn = {0036-1429},
	Journal = {SIAM J. Numer. Anal.},
	Mrclass = {65N15 (65N30 80-08 80A20)},
	Mrnumber = {1377252 (97f:65065)},
	Mrreviewer = {Charles I. Goldstein},
	Number = {1},
	Pages = {221--246},
	Title = {A posteriori error estimation for hierarchic models of elliptic boundary value problems on thin domains},
	Url = {http://dx.doi.org/10.1137/0733013},
	Volume = {33},
	Year = {1996},
	Bdsk-Url-1 = {http://www.ams.org/mathscinet-getitem?mr=1377252},
	Bdsk-Url-2 = {http://dx.doi.org/10.1137/0733013}}

@misc{Baetal12,
	Author = {Bastian, P. and Berninger, H. and Dedner, A. and Engwer, C. and Henning, P. and Kornhuber, R. and Kr{\"o}ner, D. and Ohlberger, M. and Sander, O. and Schiffler, G. and Shokina, N. and Smetana, K.},
	Date-Added = {2014-01-18 18:01:20 +0000},
	Date-Modified = {2014-01-18 18:01:20 +0000},
	Doi = {10.1007/978-3-642-25100-9_65},
	Howpublished = {{G{\"u}nther, Michael (ed.) et al., Progress in industrial mathematics at ECMI 2010. Proceedings of the 16th European conference on mathematics for industry, Wuppertal, Germany, July 26--30, 2010. Berlin: Springer. Mathematics in Industry 17, (2012), pp. 561--567.}},
	Title = {{Adaptive modelling of coupled hydrological processes with application in water management.}},
	Bdsk-Url-1 = {http://www.zentralblatt-math.org/zmath/en/search/?format=complete&q=an:pre06072797},
	Bdsk-Url-2 = {http://dx.doi.org/10.1007/978-3-642-25100-9_65}}

@article{Baretal2001,
	Author = {Barinka, A. and Barsch, T. and Charton, P. and Cohen, A. and Dahlke, S. and Dahmen, W. and Urban, K.},
	Date-Added = {2014-01-18 18:01:20 +0000},
	Date-Modified = {2014-01-18 18:01:20 +0000},
	Doi = {10.1137/S1064827599365501},
	Fjournal = {SIAM Journal on Scientific Computing},
	Issn = {1064-8275},
	Journal = {SIAM J. Sci. Comput.},
	Mrclass = {65N30 (42C40 65T60)},
	Mrnumber = {MR1860970 (2002i:65122)},
	Mrreviewer = {Peter G. Binev},
	Number = {3},
	Pages = {910--939 (electronic)},
	Title = {Adaptive wavelet schemes for elliptic problems -- implementation and numerical experiments},
	Url = {http://dx.doi.org/10.1137/S1064827599365501},
	Volume = {23},
	Year = {2001},
	Bdsk-Url-1 = {http://dx.doi.org/10.1137/S1064827599365501}}

@book{Bear88,
	Address = {New York},
	Author = {J. Bear},
	Date-Added = {2014-01-18 18:01:20 +0000},
	Date-Modified = {2014-01-18 18:01:20 +0000},
	Publisher = {Dover Publications},
	Title = {Dynamics of fluids in porous media},
	Year = {1988}}

@article{bellhouse,
	Author = {B. J. Bellhouse and F. H. Bellhouse and C. M. Curl and T. I. MacMillan and A. J. Gunning and E. H. Spratt and S. B. MacMurray and J. M. Nelems},
	Date-Added = {2014-01-18 18:01:20 +0000},
	Date-Modified = {2014-01-18 18:01:20 +0000},
	Journal = {Trans. Amer. Soc. Artif. Int. Organs},
	Pages = {72--79},
	Title = {A high efficiency membrane oxygenator and pulsatile pumping system and its applications to animal trials},
	Volume = {19},
	Year = {1973}}

@article{BiDaDe04,
	Author = {Binev, P. and Dahmen, W. and DeVore, R.},
	Coden = {NUMMA7},
	Date-Added = {2014-01-18 18:01:20 +0000},
	Date-Modified = {2014-01-18 18:01:20 +0000},
	Doi = {10.1007/s00211-003-0492-7},
	Fjournal = {Numerische Mathematik},
	Issn = {0029-599X},
	Journal = {Numer. Math.},
	Mrclass = {65N50 (65N12 65N30 65Y20 68W25 68W40)},
	Mrnumber = {2050077 (2005d:65222)},
	Mrreviewer = {Thomas Apel},
	Number = {2},
	Pages = {219--268},
	Title = {Adaptive finite element methods with convergence rates},
	Url = {http://dx.doi.org/10.1007/s00211-003-0492-7},
	Volume = {97},
	Year = {2004},
	Bdsk-Url-1 = {http://dx.doi.org/10.1007/s00211-003-0492-7}}

@article{Binetal2011,
	Author = {Binev, P. and Cohen, A. and Dahmen, W. and DeVore, R. and Petrova, G. and Wojtaszczyk, P.},
	Coden = {SJMAAH},
	Date-Added = {2014-01-18 18:01:20 +0000},
	Date-Modified = {2014-01-18 18:01:20 +0000},
	Doi = {10.1137/100795772},
	Fjournal = {SIAM Journal on Mathematical Analysis},
	Issn = {0036-1410},
	Journal = {SIAM J. Math. Anal.},
	Mrclass = {41A65 (41A60 49M27 65K10)},
	Mrnumber = {2821591 (2012m:41018)},
	Mrreviewer = {Vladimir V. Galatenko},
	Number = {3},
	Pages = {1457--1472},
	Title = {Convergence rates for greedy algorithms in reduced basis methods},
	Url = {http://dx.doi.org/10.1137/100795772},
	Volume = {43},
	Year = {2011},
	Bdsk-Url-1 = {http://www.ams.org/mathscinet-getitem?mr=2821591},
	Bdsk-Url-2 = {http://dx.doi.org/10.1137/100795772}}

@article{BlFeUr07,
	Author = {Blanco, P. J. and Feij{{\'o}}o, R. A. and Urquiza, S. A.},
	Coden = {CMMECC},
	Date-Added = {2014-01-18 18:01:20 +0000},
	Date-Modified = {2014-01-18 18:01:20 +0000},
	Doi = {10.1016/j.cma.2007.05.008},
	Fjournal = {Computer Methods in Applied Mechanics and Engineering},
	Issn = {0045-7825},
	Journal = {Comput. Methods Appl. Mech. Engrg.},
	Mrclass = {74F10 (74S30 76M25 76Z05 92C35)},
	Mrnumber = {2348785 (2009h:74021)},
	Number = {41-44},
	Pages = {4391--4410},
	Title = {A unified variational approach for coupling 3{D}-1{D} models and its blood flow applications},
	Url = {http://dx.doi.org/10.1016/j.cma.2007.05.008},
	Volume = {196},
	Year = {2007},
	Bdsk-Url-1 = {http://www.ams.org/mathscinet-getitem?mr=2348785},
	Bdsk-Url-2 = {http://dx.doi.org/10.1016/j.cma.2007.05.008}}

@article{BlGiPaZi99,
	Author = {Blanc, F. and Gipouloux, O. and Panasenko, G. and Zine, A. M.},
	Date-Added = {2014-01-18 18:01:20 +0000},
	Date-Modified = {2014-01-18 18:01:20 +0000},
	Doi = {10.1142/S0218202599000609},
	Fjournal = {Mathematical Models and Methods in Applied Sciences},
	Issn = {0218-2025},
	Journal = {Math. Models Methods Appl. Sci.},
	Mrclass = {76D07 (35Q30 65N30 65N55 76M25)},
	Mrnumber = {1725822 (2002a:76047)},
	Number = {9},
	Pages = {1351--1378},
	Title = {Asymptotic analysis and partial asymptotic decomposition of domain for {S}tokes equation in tube structure},
	Url = {http://dx.doi.org/10.1142/S0218202599000609},
	Volume = {9},
	Year = {1999},
	Bdsk-Url-1 = {http://www.ams.org/mathscinet-getitem?mr=1725822},
	Bdsk-Url-2 = {http://dx.doi.org/10.1142/S0218202599000609}}

@article{BMNP04,
	Author = {M. Barrault and Y. Maday and N.C. Nguyen and A.T. Patera},
	Date-Added = {2014-01-18 18:01:20 +0000},
	Date-Modified = {2014-01-18 18:01:20 +0000},
	Journal = {C. R. Math. Acad. Sci. {P}aris {S}eries {I}},
	Pages = {667--672},
	Title = {An 'empirical interpolation' method: application to efficient reduced-basis discretization of partial differential equations},
	Volume = {339},
	Year = {2004}}

@article{BOSS13,
	Author = {Berninger, H. and Ohlberger, M. and Sander, O. and Smetana, K.},
	Date-Added = {2014-01-18 18:01:20 +0000},
	Date-Modified = {2014-01-18 18:01:20 +0000},
	Doi = {10.1142/S0218202513500711},
	Journal = {Math. Models Methods Appl. Sci., doi: 10.1142/S0218202513500711},
	Title = {Unsaturated subsurface flow with surface water and nonlinear in- and outflow conditions},
	Year = {2013},
	Bdsk-Url-1 = {http://dx.doi.org/10.1142/S0218202513500711}}

@article{BRR81,
	Author = {Brezzi, F. and Rappaz, J. and Raviart, P.-A.},
	Coden = {NUMMA7},
	Date-Added = {2014-01-18 18:01:20 +0000},
	Date-Modified = {2014-01-18 18:01:20 +0000},
	Doi = {10.1007/BF01395985},
	Fjournal = {Numerische Mathematik},
	Issn = {0029-599X},
	Journal = {Numer. Math.},
	Number = {1},
	Pages = {1--25},
	Title = {Finite-dimensional approximation of nonlinear problems. {I}. {B}ranches of nonsingular solutions},
	Volume = {36},
	Year = {1980},
	Bdsk-Url-1 = {http://www.ams.org/mathscinet-getitem?mr=595803},
	Bdsk-Url-2 = {http://dx.doi.org/10.1007/BF01395985}}

@article{Bufetal2012,
	Author = {Buffa, A. and Maday, Y. and Patera, A.~T. and Prud'homme, C. and Turinici, G.},
	Date-Added = {2014-01-18 18:01:20 +0000},
	Date-Modified = {2014-01-18 18:01:20 +0000},
	Doi = {10.1051/m2an/2011056},
	Fjournal = {ESAIM. Mathematical Modelling and Numerical Analysis},
	Issn = {0764-583X},
	Journal = {ESAIM Math. Model. Numer. Anal.},
	Mrclass = {65N99 (41A60 41A65 65N15)},
	Mrnumber = {2877366},
	Mrreviewer = {Steffen Roch},
	Number = {3},
	Pages = {595--603},
	Title = {{\it {A} priori} convergence of the greedy algorithm for the parametrized reduced basis method},
	Url = {http://dx.doi.org/10.1051/m2an/2011056},
	Volume = {46},
	Year = {2012},
	Bdsk-Url-1 = {http://www.ams.org/mathscinet-getitem?mr=2877366},
	Bdsk-Url-2 = {http://dx.doi.org/10.1051/m2an/2011056}}

@article{Caetal04,
	Author = {Castro, M.~J. and Garc{\'{\i}}a-Rodr{\'{\i}}guez, J.~A. and Gonz{{\'a}}lez-Vida, J.~M. and Mac{\'{\i}}as, J. and Par{{\'e}}s, C. and V{{\'a}}zquez-Cend{{\'o}}n, M.~E.},
	Coden = {JCTPAH},
	Date-Added = {2014-01-18 18:01:20 +0000},
	Date-Modified = {2014-01-18 18:01:20 +0000},
	Doi = {10.1016/j.jcp.2003.08.035},
	Fjournal = {Journal of Computational Physics},
	Issn = {0021-9991},
	Journal = {J. Comput. Phys.},
	Mrclass = {76M20 (76B70 76U05 86A05)},
	Mrnumber = {2043135 (2004m:76109)},
	Number = {1},
	Pages = {202--235},
	Title = {Numerical simulation of two-layer shallow water flows through channels with irregular geometry},
	Url = {http://dx.doi.org/10.1016/j.jcp.2003.08.035},
	Volume = {195},
	Year = {2004},
	Bdsk-Url-1 = {http://www.ams.org/mathscinet-getitem?mr=2043135},
	Bdsk-Url-2 = {http://dx.doi.org/10.1016/j.jcp.2003.08.035}}

@incollection{Caf98,
	Address = {Cambridge},
	Author = {Caflisch, R.~E.},
	Booktitle = {Acta numerica, 1998},
	Date-Added = {2014-01-18 18:01:20 +0000},
	Date-Modified = {2014-01-18 18:01:20 +0000},
	Pages = {1--49},
	Publisher = {Cambridge Univ. Press},
	Series = {Acta Numer.},
	Title = {Monte {C}arlo and quasi-{M}onte {C}arlo methods},
	Volume = {7},
	Year = {1998},
	Bdsk-Url-1 = {http://www.ams.org/mathscinet-getitem?mr=1689431}}

@article{CaFaCoAm2013,
	Author = {K. Carlberg and C. Farhat and J. Cortial and D. Amsallem},
	Date-Added = {2014-01-18 18:01:20 +0000},
	Date-Modified = {2014-01-18 18:01:20 +0000},
	Journal = {Journal of Computational Physics, in press},
	Title = {The {GNAT} method for nonlinear model reduction: effective implementation and application to computational fluid dynamics and turbulent flows},
	Url = {http://dx.doi.org/10.1016/j.jcp.2013.02.028},
	Year = {2013},
	Bdsk-Url-1 = {http://arxiv.org/abs/1207.1349},
	Bdsk-Url-2 = {http://dx.doi.org/10.1016/j.jcp.2013.02.028}}

@incollection{CalRap1997,
	Address = {Amsterdam},
	Author = {Caloz, G. and Rappaz, J.},
	Booktitle = {Handbook of numerical analysis, {V}ol. {V}},
	Date-Added = {2014-01-18 18:01:20 +0000},
	Date-Modified = {2014-01-18 18:01:20 +0000},
	Pages = {487--637},
	Publisher = {North-Holland},
	Title = {Numerical analysis for nonlinear and bifurcation problems},
	Year = {1997},
	Bdsk-Url-1 = {http://www.ams.org/mathscinet-getitem?mr=1470227}}

@article{CanDon04,
	Author = {Cand{\`e}s, Emmanuel J. and Donoho, David L.},
	Coden = {CPAMA},
	Date-Added = {2014-01-18 18:01:20 +0000},
	Date-Modified = {2014-01-18 18:01:20 +0000},
	Doi = {10.1002/cpa.10116},
	Fjournal = {Communications on Pure and Applied Mathematics},
	Issn = {0010-3640},
	Journal = {Comm. Pure Appl. Math.},
	Mrclass = {42C40 (41A30 42C15 94A08)},
	Mrnumber = {2012649 (2004k:42052)},
	Mrreviewer = {Gerlind Plonka-Hoch},
	Number = {2},
	Pages = {219--266},
	Title = {New tight frames of curvelets and optimal representations of objects with piecewise {$C^2$} singularities},
	Url = {http://dx.doi.org/10.1002/cpa.10116},
	Volume = {57},
	Year = {2004},
	Bdsk-Url-1 = {http://dx.doi.org/10.1002/cpa.10116}}

@article{CanEhrLel11,
	Author = {Canc{\`e}s, E. and Ehrlacher, V. and Leli{\`e}vre, T.},
	Date-Added = {2014-01-18 18:01:20 +0000},
	Date-Modified = {2014-01-18 18:01:20 +0000},
	Doi = {10.1142/S0218202511005799},
	Journal = {Math. Models Methods Appl. Sci.},
	Number = {12},
	Pages = {2433-2467},
	Title = {{Convergence of a greedy algorithm for high-dimensional convex nonlinear problems.}},
	Volume = {21},
	Year = {2011},
	Bdsk-Url-1 = {http://www.zentralblatt-math.org/zmath/en/search/?format=complete&q=an:pre06047347},
	Bdsk-Url-2 = {http://dx.doi.org/10.1142/S0218202511005799}}

@article{CanEhrLel12,
	Abstract = {In this article, we present a family of numerical approaches to solve high-dimensional linear non-symmetric problems. The principle of these methods is to approximate a function which depends on a large number of variates by a sum of tensor product functions, each term of which is iteratively computed via a greedy algorithm. There exists a good theoretical framework for these methods in the case of (linear and nonlinear) symmetric elliptic problems. However, the convergence results are not valid any more as soon as the problems considered are not symmetric. We present here a review of the main algorithms proposed in the literature to circumvent this difficulty, together with some new approaches. The theoretical convergence results and the practical implementation of these algorithms are discussed. Their behaviors are illustrated through some numerical examples.},
	Author = {E. Cances and V. Ehrlacher and T. Lelievre},
	Date-Added = {2014-01-18 18:01:20 +0000},
	Date-Modified = {2014-01-18 18:01:20 +0000},
	Eprint = {1210.6688},
	Month = {10},
	Title = {Greedy algorithms for high-dimensional non-symmetric linear problems},
	Url = {http://arxiv.org/abs/1210.6688},
	Year = {2012},
	Bdsk-Url-1 = {http://arxiv.org/abs/1210.6688}}

@book{Canetal2006,
	Address = {Berlin},
	Author = {Canuto, C. and Hussaini, M.~Y. and Quarteroni, A. and Zang, T.~A.},
	Date-Added = {2014-01-18 18:01:20 +0000},
	Date-Modified = {2014-01-18 18:01:20 +0000},
	Doi = {10.1007/978-3-540-30726-6},
	Publisher = {Springer},
	Title = {{Spectral methods. Fundamentals in single domains.}},
	Year = {2006},
	Bdsk-Url-1 = {http://www.zentralblatt-math.org/zmath/en/search/?format=complete&q=an:1093.76002},
	Bdsk-Url-2 = {http://dx.doi.org/10.1007/978-3-540-30726-6}}

@article{CanMadQua82,
	Author = {Canuto, C. and Maday, Y. and Quarteroni, A.},
	Coden = {NUMMA7},
	Date-Added = {2014-01-18 18:01:20 +0000},
	Date-Modified = {2014-01-18 18:01:20 +0000},
	Doi = {10.1007/BF01408694},
	Fjournal = {Numerische Mathematik},
	Issn = {0029-599X},
	Journal = {Numer. Math.},
	Mrclass = {65N30 (42A15)},
	Mrnumber = {669316 (84a:65089)},
	Mrreviewer = {David F. Griffiths},
	Number = {2},
	Pages = {205--220},
	Title = {Analysis of the combined finite element and {F}ourier interpolation},
	Url = {http://dx.doi.org/10.1007/BF01408694},
	Volume = {39},
	Year = {1982},
	Bdsk-Url-1 = {http://www.ams.org/mathscinet-getitem?mr=669316},
	Bdsk-Url-2 = {http://dx.doi.org/10.1007/BF01408694}}

@article{CarBouFar2011,
	Author = {Carlberg, K. and Bou-Mosleh, C. and Farhat, C.},
	Date-Added = {2014-01-18 18:01:20 +0000},
	Date-Modified = {2014-01-18 18:01:20 +0000},
	Doi = {10.1002/nme.3050},
	Journal = {Int. J. Numer. Methods Eng.},
	Number = {2},
	Pages = {155-181},
	Title = {{Efficient non linear model reduction via a least-squares Petrov-Galerkin projection and compressive tensor approximations.}},
	Volume = {86},
	Year = {2011},
	Bdsk-Url-1 = {http://www.zentralblatt-math.org/zmath/en/search/?format=complete&q=an:1235.74351},
	Bdsk-Url-2 = {http://dx.doi.org/10.1002/nme.3050}}

@article{CarFar2011,
	Author = {Carlberg, K. and Farhat, C.},
	Date-Added = {2014-01-18 18:01:20 +0000},
	Date-Modified = {2014-01-18 18:01:20 +0000},
	Doi = {10.1002/nme.3074},
	Journal = {Int. J. Numer. Methods Eng.},
	Number = {3},
	Pages = {381--402},
	Title = {{A low-cost, goal-oriented `compact proper orthogonal decomposition' basis for model reduction of static systems.}},
	Volume = {86},
	Year = {2011},
	Bdsk-Url-1 = {http://www.zentralblatt-math.org/zmath/en/search/?format=complete&q=an:1235.74352},
	Bdsk-Url-2 = {http://dx.doi.org/10.1002/nme.3074}}

@phdthesis{Carlberg2011,
	Author = {K. Carlberg},
	Date-Added = {2014-01-18 18:01:20 +0000},
	Date-Modified = {2014-01-18 18:01:20 +0000},
	School = {Stanford University},
	Title = {Model reduction of nonlinear mechanical systems via optimal projection and tensor approximation},
	Year = {2011}}

@article{CaToUr09,
	Author = {Canuto, C. and Tonn, T. and Urban, K.},
	Date-Added = {2014-01-18 18:01:20 +0000},
	Date-Modified = {2014-01-18 18:01:20 +0000},
	Doi = {10.1137/080724812},
	Fjournal = {SIAM Journal on Numerical Analysis},
	Issn = {0036-1429},
	Journal = {SIAM J. Numer. Anal.},
	Number = {3},
	Pages = {2001--2022},
	Title = {A posteriori error analysis of the reduced basis method for nonaffine parametrized nonlinear {PDE}s},
	Volume = {47},
	Year = {2009},
	Bdsk-Url-1 = {http://dx.doi.org/10.1137/080724812}}

@inproceedings{CCAZF2011,
	Author = {Carlberg, K. and Cortial, J. and Amsallem, D. and Zahr, M. and Farhat, C.},
	Booktitle = {6th AIAA Theoretical Fluid Mechanics Conference, Honolulu, Hawaii, June},
	Date-Added = {2014-01-18 18:01:20 +0000},
	Date-Modified = {2014-01-18 18:01:20 +0000},
	Pages = {2011--3112},
	Title = {The GNAT nonlinear model reduction method and its application to fluid dynamics problems},
	Volume = {2730},
	Year = {2011}}

@article{ChaSor10,
	Author = {Chaturantabut, S. and Sorensen, D.~C.},
	Date-Added = {2014-01-18 18:01:20 +0000},
	Date-Modified = {2014-01-18 18:01:20 +0000},
	File = {CS09_deim_sorensen.pdf:CS09_deim_sorensen.pdf:PDF},
	Journal = {SIAM J. Sci. Comp.},
	Number = {5},
	Pages = {2737--2764},
	Title = {Nonlinear Model Reduction via Discrete Empirical Interpolation},
	Volume = {32},
	Year = {2010}}

@article{ChaSor12,
	Author = {Chaturantabut, S. and Sorensen, D.~C.},
	Coden = {SJNAAM},
	Date-Added = {2014-01-18 18:01:20 +0000},
	Date-Modified = {2014-01-18 18:01:20 +0000},
	Doi = {10.1137/110822724},
	Fjournal = {SIAM Journal on Numerical Analysis},
	Issn = {0036-1429},
	Journal = {SIAM J. Numer. Anal.},
	Mrclass = {65L06 (65M70)},
	Mrnumber = {2888303},
	Mrreviewer = {Leevan Ling},
	Number = {1},
	Pages = {46--63},
	Title = {A state space error estimate for {POD}-{DEIM} nonlinear model reduction},
	Url = {http://dx.doi.org/10.1137/110822724},
	Volume = {50},
	Year = {2012},
	Bdsk-Url-1 = {http://www.ams.org/mathscinet-getitem?mr=2888303},
	Bdsk-Url-2 = {http://dx.doi.org/10.1137/110822724}}

@article{ChiAmmCue2010,
	Author = {Chinesta, F. and Ammar, A. and Cueto, E.},
	Date-Added = {2014-01-18 18:01:20 +0000},
	Date-Modified = {2014-01-18 18:01:20 +0000},
	Doi = {10.1007/s11831-010-9049-y},
	Fjournal = {Archives of Computational Methods in Engineering. State of the Art Reviews},
	Issn = {1134-3060},
	Journal = {Arch. Comput. Methods Eng.},
	Mrclass = {65M99},
	Number = {4},
	Pages = {327--350},
	Title = {Recent advances and new challenges in the use of the proper generalized decomposition for solving multidimensional models},
	Url = {http://dx.doi.org/10.1007/s11831-010-9049-y},
	Volume = {17},
	Year = {2010},
	Bdsk-Url-1 = {http://www.ams.org/mathscinet-getitem?mr=2739942},
	Bdsk-Url-2 = {http://dx.doi.org/10.1007/s11831-010-9049-y}}

@book{Chipot2000,
	Address = {Basel},
	Author = {Chipot, M.},
	Date-Added = {2014-01-18 18:01:20 +0000},
	Date-Modified = {2014-01-18 18:01:20 +0000},
	Doi = {10.1007/978-3-0348-8428-0},
	Isbn = {3-7643-6406-8},
	Mrclass = {35-01 (35J60 35K55 35Q72 47J30)},
	Mrnumber = {1801735 (2002c:35001)},
	Mrreviewer = {A. G. Kartsatos},
	Pages = {viii+256},
	Publisher = {Birkh{\"a}user Verlag},
	Title = {Elements of nonlinear analysis},
	Url = {http://dx.doi.org/10.1007/978-3-0348-8428-0},
	Year = {2000},
	Bdsk-Url-1 = {http://www.ams.org/mathscinet-getitem?mr=1801735},
	Bdsk-Url-2 = {http://dx.doi.org/10.1007/978-3-0348-8428-0}}

@book{Chipot2009,
	Address = {Basel},
	Author = {Chipot, Michel},
	Date-Added = {2014-01-18 18:01:20 +0000},
	Date-Modified = {2014-01-18 18:01:20 +0000},
	Doi = {10.1007/978-3-7643-9982-5},
	Isbn = {978-3-7643-9981-8},
	Mrclass = {35-01 (35B25 35B27 35B40 35B65 35Jxx 35Q30)},
	Mrnumber = {2494977 (2010g:35001)},
	Pages = {x+288},
	Publisher = {Birkh{\"a}user Verlag},
	Title = {Elliptic equations: an introductory course},
	Url = {http://dx.doi.org/10.1007/978-3-7643-9982-5},
	Year = {2009},
	Bdsk-Url-1 = {http://www.ams.org/mathscinet-getitem?mr=2494977},
	Bdsk-Url-2 = {http://dx.doi.org/10.1007/978-3-7643-9982-5}}

@article{ChLaCu11,
	Author = {Chinesta, F. and Ladeveze, P. and Cueto, E.},
	Date-Added = {2014-01-18 18:01:20 +0000},
	Date-Modified = {2014-01-18 18:01:20 +0000},
	Journal = {Archives of Computational Methods in Engineering},
	Number = {4},
	Pages = {395--404},
	Publisher = {Springer},
	Title = {A short review on model order reduction based on proper generalized decomposition},
	Volume = {18},
	Year = {2011}}

@book{Cia90,
	Address = {Paris},
	Author = {Ciarlet, P. G.},
	Date-Added = {2014-01-18 18:01:20 +0000},
	Date-Modified = {2014-01-18 18:01:20 +0000},
	Isbn = {2-225-82221-2},
	Mrclass = {73K10 (35C20 35J99 73-02 73C99)},
	Mrnumber = {1071376 (91h:73034)},
	Mrreviewer = {Christoph Schwab},
	Pages = {viii+215},
	Publisher = {Masson},
	Title = {Plates and junctions in elastic multi-structures: An asymptotic analysis},
	Volume = {14},
	Year = {1990},
	Bdsk-Url-1 = {http://www.ams.org/mathscinet-getitem?mr=1071376}}

@book{Cia97,
	Author = {P.~G. Ciarlet},
	Date-Added = {2014-01-18 18:01:20 +0000},
	Date-Modified = {2014-01-18 18:01:20 +0000},
	Publisher = {Elsevier},
	Series = {Studies in Mathematics and Its Applications},
	Title = {Mathematical Elasticity Volume II: Theory of Plates},
	Volume = {27},
	Year = {1997}}

@book{Ciarlet1978,
	Address = {Amsterdam},
	Author = {Ciarlet, Philippe G.},
	Date-Added = {2014-01-18 18:01:20 +0000},
	Date-Modified = {2014-01-18 18:01:20 +0000},
	Isbn = {0-444-85028-7},
	Mrclass = {65N30},
	Mrnumber = {0520174 (58 \#25001)},
	Mrreviewer = {Josef Nedoma},
	Note = {Studies in Mathematics and its Applications, Vol. 4},
	Pages = {xix+530},
	Publisher = {North-Holland Publishing Co.},
	Title = {The finite element method for elliptic problems},
	Year = {1978},
	Bdsk-Url-1 = {http://www.ams.org/mathscinet-getitem?mr=0520174}}

@article{CoDaDe01,
	Author = {Cohen, Albert and Dahmen, Wolfgang and DeVore, Ronald},
	Coden = {MCMPAF},
	Date-Added = {2014-01-18 18:01:20 +0000},
	Date-Modified = {2014-01-18 18:01:20 +0000},
	Doi = {10.1090/S0025-5718-00-01252-7},
	Fjournal = {Mathematics of Computation},
	Issn = {0025-5718},
	Journal = {Math. Comp.},
	Mrclass = {65N35 (65N22 65T60)},
	Mrnumber = {1803124 (2002h:65201)},
	Number = {233},
	Pages = {27--75 (electronic)},
	Title = {Adaptive wavelet methods for elliptic operator equations: convergence rates},
	Url = {http://dx.doi.org/10.1090/S0025-5718-00-01252-7},
	Volume = {70},
	Year = {2001},
	Bdsk-Url-1 = {http://dx.doi.org/10.1090/S0025-5718-00-01252-7}}

@article{CoDaDe02,
	Author = {Cohen, A. and Dahmen, W. and DeVore, R.},
	Date-Added = {2014-01-18 18:01:20 +0000},
	Date-Modified = {2014-01-18 18:01:20 +0000},
	Doi = {10.1007/s102080010027},
	Fjournal = {Foundations of Computational Mathematics. The Journal of the Society for the Foundations of Computational Mathematics},
	Issn = {1615-3375},
	Journal = {Found. Comput. Math.},
	Mrclass = {65T60 (42C40 65J10 65N30)},
	Mrnumber = {1907380 (2003f:65212)},
	Number = {3},
	Pages = {203--245},
	Title = {Adaptive wavelet methods. {II}. {B}eyond the elliptic case},
	Url = {http://dx.doi.org/10.1007/s102080010027},
	Volume = {2},
	Year = {2002},
	Bdsk-Url-1 = {http://dx.doi.org/10.1007/s102080010027}}

@article{CoDaDe03,
	Author = {Cohen, Albert and Dahmen, Wolfgang and Devore, Ronald},
	Date-Added = {2014-01-18 18:01:20 +0000},
	Date-Modified = {2014-01-18 18:01:20 +0000},
	Doi = {10.1137/S0036142902412269},
	Fjournal = {SIAM Journal on Numerical Analysis},
	Issn = {0036-1429},
	Journal = {SIAM J. Numer. Anal.},
	Mrclass = {65J15 (35A15 35A35 41A65 42C40)},
	Mrnumber = {2035007 (2005a:65055)},
	Mrreviewer = {Peter G. Binev},
	Number = {5},
	Pages = {1785--1823 (electronic)},
	Title = {Adaptive wavelet schemes for nonlinear variational problems},
	Url = {http://dx.doi.org/10.1137/S0036142902412269},
	Volume = {41},
	Year = {2003},
	Bdsk-Url-1 = {http://dx.doi.org/10.1137/S0036142902412269}}

@article{Dagan67,
	Author = {Dagan, G.},
	Date-Added = {2014-01-18 18:01:20 +0000},
	Date-Modified = {2014-01-18 18:01:20 +0000},
	Doi = {10.1093/qjmam/20.4.517},
	Journal = {Q. J. Mech. Appl. Math.},
	Pages = {517-526},
	Title = {{Second-order theory of shallow free-surface flow in porous media.}},
	Volume = {20},
	Year = {1967},
	Bdsk-Url-1 = {http://www.zentralblatt-math.org/zmath/en/search/?format=complete&q=an:0166.23201},
	Bdsk-Url-2 = {http://dx.doi.org/10.1093/qjmam/20.4.517}}

@book{DenSch96,
	Address = {Philadelphia, PA},
	Author = {Dennis, Jr., J.~E. and Schnabel, R.~B.},
	Date-Added = {2014-01-18 18:01:20 +0000},
	Date-Modified = {2014-01-18 18:01:20 +0000},
	Publisher = {Society for Industrial and Applied Mathematics (SIAM)},
	Series = {Classics in Applied Mathematics},
	Title = {Numerical methods for unconstrained optimization and nonlinear equations},
	Volume = {16},
	Year = {1996},
	Bdsk-Url-1 = {http://www.ams.org/mathscinet-getitem?mr=1376139}}

@incollection{Dev98,
	Address = {Cambridge},
	Author = {DeVore, R.},
	Booktitle = {Acta numerica, 1998},
	Date-Added = {2014-01-18 18:01:20 +0000},
	Date-Modified = {2014-01-18 18:01:20 +0000},
	Mrclass = {41A46 (42C40 65D15)},
	Mrnumber = {1689432 (2001a:41034)},
	Mrreviewer = {Rong Qing Jia},
	Pages = {51--150},
	Publisher = {Cambridge Univ. Press},
	Series = {Acta Numer.},
	Title = {Nonlinear approximation},
	Volume = {7},
	Year = {1998}}

@book{DevLor93,
	Address = {Berlin},
	Author = {DeVore, R. and Lorentz, G.~G.},
	Date-Added = {2014-01-18 18:01:20 +0000},
	Date-Modified = {2014-01-18 18:01:20 +0000},
	Isbn = {3-540-50627-6},
	Mrclass = {41-02 (41A10 41A15 41A35 41A36 42A10)},
	Mrnumber = {1261635 (95f:41001)},
	Mrreviewer = {V. Totik},
	Pages = {x+449},
	Publisher = {Springer-Verlag},
	Series = {Grundlehren der Mathematischen Wissenschaften [Fundamental Principles of Mathematical Sciences]},
	Title = {Constructive approximation},
	Volume = {303},
	Year = {1993},
	Bdsk-Url-1 = {http://www.ams.org/mathscinet-getitem?mr=1261635}}

@article{DoErVo13,
	Author = {Dolejs\'{i}, V. and Ern, A. and Vohral\'{i}k, M.},
	Date-Added = {2014-01-18 18:01:20 +0000},
	Date-Modified = {2014-01-18 18:01:20 +0000},
	Journal = {SIAM J. Numer. Anal.},
	Title = {A framework for robust a posteriori error control in unsteady nonlinear advection-diffusion problems},
	Volume = {to appear},
	Year = {2013}}

@article{DroHaaOhl2012,
	Author = {Drohmann, M. and Haasdonk, B. and Ohlberger, M.},
	Coden = {SJOCE3},
	Date-Added = {2014-01-18 18:01:20 +0000},
	Date-Modified = {2014-01-18 18:01:20 +0000},
	Doi = {10.1137/10081157X},
	Fjournal = {SIAM Journal on Scientific Computing},
	Issn = {1064-8275},
	Journal = {SIAM J. Sci. Comput.},
	Number = {2},
	Pages = {A937--A969},
	Title = {Reduced basis approximation for nonlinear parametrized evolution equations based on empirical operator interpolation},
	Volume = {34},
	Year = {2012},
	Bdsk-Url-1 = {http://www.ams.org/mathscinet-getitem?mr=2914310},
	Bdsk-Url-2 = {http://dx.doi.org/10.1137/10081157X}}

@phdthesis{Drohmann2012,
	Author = {Drohmann, M.},
	Date-Added = {2014-01-18 18:01:20 +0000},
	Date-Modified = {2014-01-18 18:01:20 +0000},
	School = {Universit{\"a}t M{\"u}nster},
	Title = {Reduced basis model reduction for nonlinear evolution equations},
	Year = {2012}}

@book{Dupuit1863,
	Address = {Paris},
	Author = {Dupuit, J.},
	Date-Added = {2014-01-18 18:01:20 +0000},
	Date-Modified = {2014-01-18 18:01:20 +0000},
	Edition = {2nd},
	Publisher = {Dunod},
	Title = {{\'E}tudes Th{\'e}oriques et Pratiques sur le Mouvement des Eaux dans les Canaux D{\'e}couverts et {\`a} Travers les Terrains Permeables},
	Year = {1863}}

@article{EfGrPa10,
	Author = {Eftang, J.~L. and Grepl, M.~A. and Patera, A.~T.},
	Date-Added = {2014-01-18 18:01:20 +0000},
	Date-Modified = {2014-01-18 18:01:20 +0000},
	Journal = {C. R. Acad. Sci. Paris, Ser. I 348},
	Pages = {575--579},
	Title = {A Posteriori Error Bounds for the Empirical Interpolation Method},
	Year = {2010}}

@article{EftKnePat2011,
	Author = {Eftang, Jens L. and Knezevic, David J. and Patera, Anthony T.},
	Date-Added = {2014-01-18 18:01:20 +0000},
	Date-Modified = {2014-01-18 18:01:20 +0000},
	Doi = {10.1080/13873954.2011.547670},
	Fjournal = {Mathematical and Computer Modelling of Dynamical Systems. Methods, Tools and Applications in Engineering and Related Sciences},
	Issn = {1387-3954},
	Journal = {Math. Comput. Model. Dyn. Syst.},
	Mrclass = {65M60},
	Mrnumber = {2823470 (2012k:65112)},
	Mrreviewer = {Mario A. Forcinito},
	Number = {4},
	Pages = {395--422},
	Title = {An {$hp$} certified reduced basis method for parametrized parabolic partial differential equations},
	Url = {http://dx.doi.org/10.1080/13873954.2011.547670},
	Volume = {17},
	Year = {2011},
	Bdsk-Url-1 = {http://www.ams.org/mathscinet-getitem?mr=2823470},
	Bdsk-Url-2 = {http://dx.doi.org/10.1080/13873954.2011.547670}}

@article{EftPatRon2010,
	Author = {Eftang, J.~L. and Patera, A.~T. and R{\o}nquist, E.~M.},
	Coden = {SJOCE3},
	Date-Added = {2014-01-18 18:01:20 +0000},
	Date-Modified = {2014-01-18 18:01:20 +0000},
	Doi = {10.1137/090780122},
	Fjournal = {SIAM Journal on Scientific Computing},
	Issn = {1064-8275},
	Journal = {SIAM J. Sci. Comput.},
	Mrclass = {65N12 (35J25 65N15 65N30)},
	Mrnumber = {2746617 (2012b:65162)},
	Mrreviewer = {S{{\'e}}bastien J. Boyaval},
	Number = {6},
	Pages = {3170--3200},
	Title = {An ``{$hp$}'' certified reduced basis method for parametrized elliptic partial differential equations},
	Url = {http://dx.doi.org/10.1137/090780122},
	Volume = {32},
	Year = {2010},
	Bdsk-Url-1 = {http://www.ams.org/mathscinet-getitem?mr=2746617},
	Bdsk-Url-2 = {http://dx.doi.org/10.1137/090780122}}

@book{EkeTem1976,
	Address = {Amsterdam},
	Author = {Ekeland, I. and Temam, R.},
	Date-Added = {2014-01-18 18:01:20 +0000},
	Date-Modified = {2014-01-18 18:01:20 +0000},
	Mrclass = {49-02 (49A20 49A50 49B25 90C25)},
	Mrnumber = {0463994 (57 \#3931b)},
	Mrreviewer = {A. D. Ioffe},
	Note = {Translated from the French, Studies in Mathematics and its Applications, Vol. 1},
	Pages = {ix+402},
	Publisher = {North-Holland},
	Title = {Convex analysis and variational problems},
	Year = {1976},
	Bdsk-Url-1 = {http://www.ams.org/mathscinet-getitem?mr=0463994}}

@incollection{ErnPerVen2008,
	Author = {Ern, A. and Perotto, S. and Veneziani, A.},
	Booktitle = {Numerical Mathematics and Advanced Applications},
	Date-Added = {2014-01-18 18:01:20 +0000},
	Date-Modified = {2014-01-18 18:01:20 +0000},
	Doi = {10.1007/978-3-540-69777-0_84},
	Editor = {Kunisch, Karl and Of, G{\"u}nther and Steinbach, Olaf},
	Isbn = {978-3-540-69776-3},
	Pages = {703--710},
	Publisher = {Springer Berlin Heidelberg},
	Title = {Hierarchical Model Reduction for Advection-Diffusion-Reaction Problems},
	Url = {http://dx.doi.org/10.1007/978-3-540-69777-0_84},
	Year = {2008},
	Bdsk-Url-1 = {http://dx.doi.org/10.1007/978-3-540-69777-0_84}}

@article{ErnVoh13,
	Author = {Ern, A. and Vohral\'{i}k, M.},
	Date-Added = {2014-01-18 18:01:20 +0000},
	Date-Modified = {2014-01-18 18:01:20 +0000},
	Journal = {SIAM J. Sci. Comput.},
	Title = {Adaptive inexact Newton methods with a posteriori stopping criteria for nonlinear diffusion PDEs},
	Volume = {to appear},
	Year = {2013}}

@book{Evans02,
	Address = {Providence, RI},
	Author = {Evans, L.~C.},
	Date-Added = {2014-01-18 18:01:20 +0000},
	Date-Modified = {2016-02-10 18:37:06 +0000},
	Publisher = {American Mathematical Society},
	Series = {Graduate Studies in Mathematics},
	Title = {{Partial differential equations}},
	Year = {2002},
	Bdsk-Url-1 = {http://www.ams.org/mathscinet-getitem?mr=1625845}}

@article{EveSir95,
	Author = {Everson, R. and Sirovich, L.},
	Date-Added = {2014-01-18 18:01:20 +0000},
	Date-Modified = {2014-01-18 18:01:20 +0000},
	Journal = {Journal of the Optical Society of America A},
	Number = {8},
	Pages = {1657--1664},
	Publisher = {Optical Society of America},
	Title = {Karhunen--Loeve procedure for gappy data},
	Volume = {12},
	Year = {1995}}

@article{FalNou11,
	Author = {Falc{\'o}, A. and Nouy, A.},
	Coden = {JMANAK},
	Date-Added = {2014-01-18 18:01:20 +0000},
	Date-Modified = {2014-01-18 18:01:20 +0000},
	Doi = {10.1016/j.jmaa.2010.12.003},
	Fjournal = {Journal of Mathematical Analysis and Applications},
	Issn = {0022-247X},
	Journal = {J. Math. Anal. Appl.},
	Mrclass = {47Axx (35A15 35R20 46Cxx 47Nxx)},
	Mrnumber = {2747771},
	Number = {2},
	Pages = {469--480},
	Title = {A proper generalized decomposition for the solution of elliptic problems in abstract form by using a functional {E}ckart-{Y}oung approach},
	Url = {http://dx.doi.org/10.1016/j.jmaa.2010.12.003},
	Volume = {376},
	Year = {2011},
	Bdsk-Url-1 = {http://dx.doi.org/10.1016/j.jmaa.2010.12.003}}

@article{FaNo12,
	Author = {Falc{{\'o}}, A. and Nouy, A.},
	Coden = {NUMMA7},
	Date-Added = {2014-01-18 18:01:20 +0000},
	Date-Modified = {2014-01-18 18:01:20 +0000},
	Doi = {10.1007/s00211-011-0437-5},
	Fjournal = {Numerische Mathematik},
	Issn = {0029-599X},
	Journal = {Numer. Math.},
	Mrclass = {49M29 (65K10)},
	Mrnumber = {2929077},
	Mrreviewer = {Ern{{\"o}} Robert Csetnek},
	Number = {3},
	Pages = {503--530},
	Title = {Proper generalized decomposition for nonlinear convex problems in tensor {B}anach spaces},
	Url = {http://dx.doi.org/10.1007/s00211-011-0437-5},
	Volume = {121},
	Year = {2012},
	Bdsk-Url-1 = {http://www.ams.org/mathscinet-getitem?mr=2929077},
	Bdsk-Url-2 = {http://dx.doi.org/10.1007/s00211-011-0437-5}}

@article{FeKoMoBu12,
	Author = {Fern{{\'a}}ndez-Nieto, E.~D. and Kon{{\'e}}, E.~H. and Morales de Luna, T. and B{{\"u}}rger, R.},
	Date-Added = {2014-01-18 18:01:20 +0000},
	Date-Modified = {2014-01-18 18:01:20 +0000},
	Journal = {Journal of Computational Physics},
	Pages = {281--314},
	Publisher = {Elsevier},
	Title = {A multilayer shallow water system for polydisperse sedimentation},
	Volume = {238},
	Year = {2013}}

@article{FigSue12,
	Author = {Figueroa, L.~E. and S{{\"u}}li, E.},
	Date-Added = {2014-01-18 18:01:20 +0000},
	Date-Modified = {2014-01-18 18:01:20 +0000},
	Journal = {Foundations of Computational Mathematics},
	Number = {5},
	Pages = {573--623},
	Publisher = {Springer},
	Title = {Greedy approximation of high-dimensional {O}rnstein--{U}hlenbeck operators},
	Volume = {12},
	Year = {2012}}

@article{FonPanPou2007,
	Author = {Fontvieille, F. and Panasenko, G. P. and Pousin, J.},
	Date-Added = {2014-01-18 18:01:20 +0000},
	Date-Modified = {2014-01-18 18:01:20 +0000},
	Doi = {10.1080/00036810601106545},
	Fjournal = {Applicable Analysis. An International Journal},
	Issn = {0003-6811},
	Journal = {Appl. Anal.},
	Mrclass = {65N30},
	Mrnumber = {2332670 (2008f:65212)},
	Mrreviewer = {Khalid Ait Hadi},
	Number = {5},
	Pages = {519--536},
	Title = {F.{E}.{M}. implementation for the asymptotic partial decomposition},
	Url = {http://dx.doi.org/10.1080/00036810601106545},
	Volume = {86},
	Year = {2007},
	Bdsk-Url-1 = {http://www.ams.org/mathscinet-getitem?mr=2332670},
	Bdsk-Url-2 = {http://dx.doi.org/10.1080/00036810601106545}}

@article{ForGerNobQua2001,
	Author = {Formaggia, L. and Gerbeau, J. F. and Nobile, F. and Quarteroni, A.},
	Coden = {CMMECC},
	Date-Added = {2014-01-18 18:01:20 +0000},
	Date-Modified = {2014-01-18 18:01:20 +0000},
	Doi = {10.1016/S0045-7825(01)00302-4},
	Fjournal = {Computer Methods in Applied Mechanics and Engineering},
	Issn = {0045-7825},
	Journal = {Comput. Methods Appl. Mech. Engrg.},
	Mrclass = {74F10 (35Q30 76D05 76M10 76M12 76Z05)},
	Mrreviewer = {Serge Piperno},
	Number = {6-7},
	Pages = {561--582},
	Title = {On the coupling of 3{D} and 1{D} {N}avier-{S}tokes equations for flow problems in compliant vessels},
	Url = {http://dx.doi.org/10.1016/S0045-7825(01)00302-4},
	Volume = {191},
	Year = {2001},
	Bdsk-Url-1 = {http://www.ams.org/mathscinet-getitem?mr=1873203},
	Bdsk-Url-2 = {http://dx.doi.org/10.1016/S0045-7825(01)00302-4}}

@article{ForNobQuaVen1999,
	Author = {Formaggia, L. and Nobile, F. and Quarteroni, A. and Veneziani, A.},
	Date-Added = {2014-01-18 18:01:20 +0000},
	Date-Modified = {2014-01-18 18:01:20 +0000},
	Doi = {10.1007/s007910050030},
	Journal = {Comput. Vis. Sci.},
	Number = {2-3},
	Pages = {75--83},
	Title = {{Multiscale modelling of the circulatory system: a preliminary analysis.}},
	Volume = {2},
	Year = {1999},
	Bdsk-Url-1 = {http://www.zentralblatt-math.org/zmath/en/search/?format=complete&q=an:1067.76624},
	Bdsk-Url-2 = {http://dx.doi.org/10.1007/s007910050030}}

@book{ForQuaVen09,
	Date-Added = {2014-01-18 18:01:20 +0000},
	Date-Modified = {2014-01-18 18:01:20 +0000},
	Doi = {10.1007/978-88-470-1152-6},
	Editor = {Formaggia, L. and Quarteroni, A. and Veneziani, A.},
	Publisher = {Springer},
	Title = {{Cardiovascular mathematics. Modeling and simulation of the circulatory system.}},
	Year = {2009},
	Bdsk-Url-1 = {http://www.zentralblatt-math.org/zmath/en/search/?format=complete&q=an:pre05368508},
	Bdsk-Url-2 = {http://dx.doi.org/10.1007/978-88-470-1152-6}}

@article{Fri48,
	Author = {K. O. Friedrichs},
	Date-Added = {2014-01-18 18:01:20 +0000},
	Date-Modified = {2014-01-18 18:01:20 +0000},
	Journal = {Comm. Pure Appl. Math.},
	Pages = {1--87},
	Title = {On the derivation of the shallow water theory, Appendix to: "{The formulation of breakers and bores}" by {J}.~{J}. {S}toker},
	Volume = {1},
	Year = {1948}}

@article{GerPer01,
	Author = {Gerbeau, J.-F. and Perthame, B.},
	Date-Added = {2014-01-18 18:01:20 +0000},
	Date-Modified = {2014-01-18 18:01:20 +0000},
	Doi = {10.3934/dcdsb.2001.1.89},
	Fjournal = {Discrete and Continuous Dynamical Systems. Series B. A Journal Bridging Mathematics and Sciences},
	Issn = {1531-3492},
	Journal = {Discrete Contin. Dyn. Syst. Ser. B},
	Mrclass = {76D05 (35Q30 35Q35)},
	Mrnumber = {1821555 (2001m:76029)},
	Number = {1},
	Pages = {89--102},
	Title = {Derivation of viscous {S}aint-{V}enant system for laminar shallow water; numerical validation},
	Url = {http://dx.doi.org/10.3934/dcdsb.2001.1.89},
	Volume = {1},
	Year = {2001},
	Bdsk-Url-1 = {http://www.ams.org/mathscinet-getitem?mr=1821555},
	Bdsk-Url-2 = {http://dx.doi.org/10.3934/dcdsb.2001.1.89}}

@article{Glo08,
	Author = {Gloria, A.},
	Date-Added = {2014-01-18 18:01:20 +0000},
	Date-Modified = {2014-01-18 18:01:20 +0000},
	Doi = {10.1137/070683143},
	Fjournal = {Multiscale Modeling \& Simulation. A SIAM Interdisciplinary Journal},
	Issn = {1540-3459},
	Journal = {Multiscale Model. Simul.},
	Mrclass = {74S05 (35J60 65N12 65N30)},
	Mrnumber = {2399546 (2009f:74093)},
	Number = {1},
	Pages = {274--293},
	Title = {An analytical framework for numerical homogenization. {II}. {W}indowing and oversampling},
	Url = {http://dx.doi.org/10.1137/070683143},
	Volume = {7},
	Year = {2008},
	Bdsk-Url-1 = {http://www.ams.org/mathscinet-getitem?mr=2399546},
	Bdsk-Url-2 = {http://dx.doi.org/10.1137/070683143}}

@article{GMNP07,
	Author = {Grepl, M.~A. and Maday, Y. and Nguyen, N.~C. and Patera, A.~T.},
	Date-Added = {2014-01-18 18:01:20 +0000},
	Date-Modified = {2014-01-18 18:01:20 +0000},
	Doi = {10.1051/m2an:2007031},
	Fjournal = {M2AN. Mathematical Modelling and Numerical Analysis},
	Journal = {M2AN Math. Model. Numer. Anal.},
	Number = {3},
	Pages = {575--605},
	Title = {Efficient reduced-basis treatment of nonaffine and nonlinear partial differential equations},
	Volume = {41},
	Year = {2007},
	Bdsk-Url-1 = {http://dx.doi.org/10.1051/m2an:2007031}}

@article{GrePat05,
	Author = {Grepl, M.A. and Patera, A.T.},
	Date-Added = {2014-01-18 18:01:20 +0000},
	Date-Modified = {2014-01-18 18:01:20 +0000},
	Doi = {10.1051/m2an:2005006},
	Fjournal = {M2AN. Mathematical Modelling and Numerical Analysis},
	Issn = {0764-583X},
	Journal = {M2AN Math. Model. Numer. Anal.},
	Mrclass = {65M15},
	Mrnumber = {MR2136204 (2006b:65130)},
	Mrreviewer = {Raymond J. Spiteri},
	Number = {1},
	Pages = {157--181},
	Title = {A posteriori error bounds for reduced-basis approximations of parametrized parabolic partial differential equations},
	Url = {http://dx.doi.org/10.1051/m2an:2005006},
	Volume = {39},
	Year = {2005},
	Bdsk-Url-1 = {http://dx.doi.org/10.1051/m2an:2005006}}

@book{Gun03,
	Address = {Philadelphia, PA},
	Author = {Gunzburger, M.~D.},
	Date-Added = {2014-01-18 18:01:20 +0000},
	Date-Modified = {2014-01-18 18:01:20 +0000},
	Isbn = {0-89871-527-X},
	Mrclass = {93-02 (49M30 65K10 76B75 76D55 76N25 93C20)},
	Mrnumber = {1946726 (2003k:93001)},
	Mrreviewer = {Volker H. Schulz},
	Pages = {xiv+261},
	Publisher = {Society for Industrial and Applied Mathematics (SIAM)},
	Series = {Advances in Design and Control},
	Title = {Perspectives in flow control and optimization},
	Volume = {5},
	Year = {2003},
	Bdsk-Url-1 = {http://www.ams.org/mathscinet-getitem?mr=1946726}}

@article{HaaDihOhl2011,
	Author = {Haasdonk, B. and Dihlmann, M. and Ohlberger, M.},
	Date-Added = {2014-01-18 18:01:20 +0000},
	Date-Modified = {2014-01-18 18:01:20 +0000},
	Doi = {10.1080/13873954.2011.547674},
	Fjournal = {Mathematical and Computer Modelling of Dynamical Systems. Methods, Tools and Applications in Engineering and Related Sciences},
	Journal = {Math. Comput. Model. Dyn. Syst.},
	Number = {4},
	Pages = {423--442},
	Title = {A training set and multiple bases generation approach for parameterized model reduction based on adaptive grids in parameter space},
	Volume = {17},
	Year = {2011},
	Bdsk-Url-1 = {http://www.ams.org/mathscinet-getitem?mr=2823471},
	Bdsk-Url-2 = {http://dx.doi.org/10.1080/13873954.2011.547674}}

@article{HaaOhl08,
	Author = {Haasdonk, B. and Ohlberger, M.},
	Date-Added = {2014-01-18 18:01:20 +0000},
	Date-Modified = {2014-11-05 22:10:09 +0000},
	Journal = {M2AN Math. Model. Numer. Anal.},
	Number = {2},
	Pages = {277--302},
	Title = {Reduced basis method for finite volume approximations of parametrized linear evolution equations},
	Volume = {42},
	Year = {2008},
	Bdsk-Url-1 = {http://dx.doi.org/10.1051/m2an:2008001}}

@incollection{HaaOhl2008b,
	Author = {Haasdonk, B. and Ohlberger, M.},
	Booktitle = {Finite volumes for complex applications {V}},
	Date-Added = {2014-01-18 18:01:20 +0000},
	Date-Modified = {2014-01-18 18:01:20 +0000},
	Pages = {471--478},
	Publisher = {ISTE, London},
	Title = {Adaptive basis enrichment for the reduced basis method applied to finite volume schemes},
	Year = {2008},
	Bdsk-Url-1 = {http://www.ams.org/mathscinet-getitem?mr=2451442}}

@book{Helmig97,
	Author = {Helmig, R.},
	Date-Added = {2014-01-18 18:01:20 +0000},
	Date-Modified = {2014-01-18 18:01:20 +0000},
	Publisher = {Springer-Verlag},
	Title = {Multiphase flow and transport processes in the subsurface: a contribution to the modeling of hydrosystems.},
	Year = {1997}}

@book{HoLuBeRo12,
	Address = {Cambridge},
	Author = {Holmes, P. and Lumley, J.~L. and Berkooz, G. and Rowley, C.~W.},
	Date-Added = {2014-01-18 18:01:20 +0000},
	Date-Modified = {2014-01-18 18:01:20 +0000},
	Doi = {10.1017/CBO9780511919701},
	Edition = {Second},
	Isbn = {978-1-107-00825-0},
	Mrclass = {76-02 (37N10 76F20)},
	Mrnumber = {2920624},
	Pages = {xvi+386},
	Publisher = {Cambridge University Press},
	Series = {Cambridge Monographs on Mechanics},
	Title = {Turbulence, coherent structures, dynamical systems and symmetry},
	Url = {http://dx.doi.org/10.1017/CBO9780511919701},
	Year = {2012},
	Bdsk-Url-1 = {http://www.ams.org/mathscinet-getitem?mr=2920624},
	Bdsk-Url-2 = {http://dx.doi.org/10.1017/CBO9780511919701}}

@article{HRSP07,
	Author = {Huynh, D. B. P. and Rozza, G. and Sen, S. and Patera, A. T.},
	Date-Added = {2014-01-18 18:01:20 +0000},
	Date-Modified = {2014-01-18 18:01:20 +0000},
	Doi = {10.1016/j.crma.2007.09.019},
	Fjournal = {Comptes Rendus Math{\'e}matique. Acad{\'e}mie des Sciences. Paris},
	Issn = {1631-073X},
	Journal = {C. R. Math. Acad. Sci. Paris},
	Mrclass = {93D09 (65K10)},
	Mrnumber = {2367928 (2008j:93061)},
	Mrreviewer = {Branko Sari{{\'c}}},
	Number = {8},
	Pages = {473--478},
	Title = {A successive constraint linear optimization method for lower bounds of parametric coercivity and inf-sup stability constants},
	Url = {http://dx.doi.org/10.1016/j.crma.2007.09.019},
	Volume = {345},
	Year = {2007},
	Bdsk-Url-1 = {http://www.ams.org/mathscinet-getitem?mr=2367928},
	Bdsk-Url-2 = {http://dx.doi.org/10.1016/j.crma.2007.09.019}}

@book{Joh97,
	Address = {Cambridge},
	Author = {Johnson, R. S.},
	Date-Added = {2014-01-18 18:01:20 +0000},
	Date-Modified = {2014-01-18 18:01:20 +0000},
	Doi = {10.1017/CBO9780511624056},
	Isbn = {0-521-59832-X},
	Mrclass = {76B15 (35Q35 35Q51 76-01 76D33)},
	Mrnumber = {1629555 (99m:76017)},
	Mrreviewer = {Harvey Segur},
	Pages = {xiv+445},
	Publisher = {Cambridge University Press},
	Series = {Cambridge Texts in Applied Mathematics},
	Title = {A modern introduction to the mathematical theory of water waves},
	Url = {http://dx.doi.org/10.1017/CBO9780511624056},
	Year = {1997},
	Bdsk-Url-1 = {http://www.ams.org/mathscinet-getitem?mr=1629555},
	Bdsk-Url-2 = {http://dx.doi.org/10.1017/CBO9780511624056}}

@book{Jol02,
	Address = {New York},
	Author = {Jolliffe, I. T.},
	Date-Added = {2014-01-18 18:01:20 +0000},
	Date-Modified = {2014-01-18 18:01:20 +0000},
	Edition = {Second},
	Isbn = {0-387-95442-2},
	Mrclass = {62-02 (62H25)},
	Mrnumber = {2036084 (2004k:62010)},
	Pages = {xxx+487},
	Publisher = {Springer-Verlag},
	Series = {Springer Series in Statistics},
	Title = {Principal component analysis},
	Year = {2002},
	Bdsk-Url-1 = {http://www.ams.org/mathscinet-getitem?mr=2036084}}

@article{KahVol07,
	Author = {Kahlbacher, M. and Volkwein, S.},
	Date-Added = {2014-01-18 18:01:20 +0000},
	Date-Modified = {2014-03-15 20:04:23 +0000},
	Journal = {Discuss. Math. Differ. Incl. Control Optim.},
	Number = {1},
	Pages = {95--117},
	Title = {Galerkin proper orthogonal decomposition methods for parameter dependent elliptic systems},
	Volume = {27},
	Year = {2007},
	Bdsk-Url-1 = {http://www.ams.org/mathscinet-getitem?mr=2413807},
	Bdsk-Url-2 = {http://dx.doi.org/10.7151/dmdico.1078}}

@article{Kar46,
	Author = {Karhunen, K.},
	Date-Added = {2014-01-18 18:01:20 +0000},
	Date-Modified = {2014-01-18 18:01:20 +0000},
	Journal = {Ann. Acad. Sci. Fennicae. Ser. A. I. Math.-Phys.},
	Mrclass = {60.0X},
	Mrnumber = {0023012 (9,292h)},
	Mrreviewer = {J. L. Doob},
	Title = {Zur {S}pektraltheorie stochastischer {P}rozesse},
	Volume = {37},
	Year = {1946},
	Bdsk-Url-1 = {http://www.ams.org/mathscinet-getitem?mr=0023012}}

@book{KarStu66,
	Address = {New York-London-Sydney},
	Author = {Karlin, S. and Studden, W.~J.},
	Date-Added = {2014-01-18 18:01:20 +0000},
	Date-Modified = {2014-01-18 18:01:20 +0000},
	Mrclass = {41.00},
	Mrnumber = {0204922 (34 \#4757)},
	Mrreviewer = {G. G. Lorentz},
	Pages = {xviii+586},
	Publisher = {Interscience Publishers John Wiley \& Sons},
	Series = {Pure and Applied Mathematics, Vol. XV},
	Title = {Tchebycheff systems: {W}ith applications in analysis and statistics},
	Year = {1966},
	Bdsk-Url-1 = {http://www.ams.org/mathscinet-getitem?mr=0204922}}

@article{KunVol01,
	Author = {K. Kunisch and S. Volkwein},
	Date-Added = {2014-01-18 18:01:20 +0000},
	Date-Modified = {2014-01-18 18:01:20 +0000},
	Journal = {Numerische Mathematik},
	Pages = {117-148},
	Title = {Galerkin proper orthogonal decomposition methods for parabolic problems},
	Volume = {90},
	Year = {2001}}

@article{KunVol02,
	Author = {K. Kunisch and S. Volkwein},
	Date-Added = {2014-01-18 18:01:20 +0000},
	Date-Modified = {2014-01-18 18:01:20 +0000},
	Journal = {SIAM J. Numer. Anal.},
	Number = {2},
	Pages = {492-515},
	Title = {Galerkin proper orthogonal decomposition methods for a general equation in fluid dynamics},
	Volume = {40},
	Year = {2002}}

@article{KunVol10,
	Author = {K. Kunisch and S. Volkwein},
	Date-Added = {2014-01-18 18:01:20 +0000},
	Date-Modified = {2014-01-18 18:01:20 +0000},
	Journal = {Mathematical Modelling and Numerical Analysis},
	Pages = {509-529},
	Title = {Optimal snapshot location for computing {POD} basis functions},
	Volume = {44},
	Year = {2010}}

@book{LadUra68,
	Author = {Ladyzhenskaya, O.~A. and Ural'tseva, N.~N.},
	Date-Added = {2014-01-18 18:01:20 +0000},
	Date-Modified = {2014-01-18 18:01:20 +0000},
	Publisher = {{Mathematics in Science and Engineering. 46. New York-London: Academic Press. XVIII}},
	Title = {{Linear and quasilinear elliptic equations.}},
	Year = {1968},
	Bdsk-Url-1 = {http://www.zentralblatt-math.org/zmath/en/search/?format=complete&q=an:0164.13002}}

@incollection{LaMaQuRo13,
	Author = {Lassila, T. and Manzoni, A. and Quarteroni, A. and Rozza, G.},
	Booktitle = {Analysis and Numerics of Partial Differential Equations},
	Date-Added = {2014-01-18 18:01:20 +0000},
	Date-Modified = {2014-01-18 18:01:20 +0000},
	Pages = {307--329},
	Publisher = {Springer},
	Title = {Generalized reduced basis methods and n-width estimates for the approximation of the solution manifold of parametric PDEs},
	Year = {2013}}

@article{LaMaRo12,
	Author = {Lassila, T. and Manzoni, A. and Rozza, G.},
	Date-Added = {2014-01-18 18:01:20 +0000},
	Date-Modified = {2014-01-18 18:01:20 +0000},
	Fjournal = {ESAIM. Mathematical Modelling and Numerical Analysis},
	Issn = {0764-583X},
	Journal = {ESAIM Math. Model. Numer. Anal.},
	Mrclass = {65Nxx (35Jxx)},
	Mrnumber = {2996340},
	Number = {6},
	Pages = {1555--1576},
	Title = {On the approximation of stability factors for general parametrized partial differential equations with a two-level affine decomposition},
	Volume = {46},
	Year = {2012},
	Bdsk-Url-1 = {http://www.ams.org/mathscinet-getitem?mr=2996340}}

@article{LaQuRo12,
	Author = {Lassila, T. and Quarteroni, A. and Rozza, G.},
	Coden = {SJOCE3},
	Date-Added = {2014-01-18 18:01:20 +0000},
	Date-Modified = {2014-01-18 18:01:20 +0000},
	Doi = {10.1137/110819950},
	Fjournal = {SIAM Journal on Scientific Computing},
	Issn = {1064-8275},
	Journal = {SIAM J. Sci. Comput.},
	Mrclass = {74F10 (65N30 74S25 76D07 76M10)},
	Mrnumber = {2914321},
	Number = {2},
	Pages = {A1187--A1213},
	Title = {A reduced basis model with parametric coupling for fluid-structure interaction problems},
	Url = {http://dx.doi.org/10.1137/110819950},
	Volume = {34},
	Year = {2012},
	Bdsk-Url-1 = {http://www.ams.org/mathscinet-getitem?mr=2914321},
	Bdsk-Url-2 = {http://dx.doi.org/10.1137/110819950}}

@article{LasVol13,
	Author = {Lass, O. and Volkwein, S.},
	Date-Added = {2014-01-18 18:01:20 +0000},
	Date-Modified = {2014-01-18 18:01:20 +0000},
	Journal = {to appear in SIAM J. Sci. Comp.},
	Title = {{POD} Galerkin schemes for nonlinear elliptic-parabolic systems},
	Year = {2013}}

@article{LeBLelMad09,
	Author = {Le Bris, C. and Leli{\`e}vre, T. and Maday, Y.},
	Date-Added = {2014-01-18 18:01:20 +0000},
	Date-Modified = {2014-01-18 18:01:20 +0000},
	Doi = {10.1007/s00365-009-9071-1},
	Fjournal = {Constructive Approximation. An International Journal for Approximations and Expansions},
	Issn = {0176-4276},
	Journal = {Constr. Approx.},
	Mrclass = {65N99 (41A25 41A63)},
	Mrnumber = {2558695 (2010i:65311)},
	Number = {3},
	Pages = {621--651},
	Title = {Results and questions on a nonlinear approximation approach for solving high-dimensional partial differential equations},
	Url = {http://dx.doi.org/10.1007/s00365-009-9071-1},
	Volume = {30},
	Year = {2009},
	Bdsk-Url-1 = {http://dx.doi.org/10.1007/s00365-009-9071-1}}

@book{Lions73,
	Address = {Berlin},
	Author = {Lions, J.-L.},
	Date-Added = {2014-01-18 18:01:20 +0000},
	Date-Modified = {2014-01-18 18:01:20 +0000},
	Mrclass = {35B25 (49A99)},
	Mrnumber = {0600331 (58 \#29078)},
	Mrreviewer = {Ju. V. Egorov},
	Pages = {xii+645},
	Publisher = {Springer-Verlag},
	Series = {Lecture Notes in Mathematics, Vol. 323},
	Title = {Perturbations singuli\`{e}res dans les probl\`{e}mes aux limites et en contr\^{o}le optimal},
	Year = {1973},
	Bdsk-Url-1 = {http://www.ams.org/mathscinet-getitem?mr=0600331}}

@book{Loe55,
	Author = {Lo{{\`e}}ve, M.},
	Date-Added = {2014-01-18 18:01:20 +0000},
	Date-Modified = {2014-01-18 18:01:20 +0000},
	Mrclass = {60.0X},
	Mrnumber = {0066573 (16,598f)},
	Mrreviewer = {J. Wolfowitz},
	Pages = {xv+515},
	Publisher = {D. Van Nostrand Company, Inc., Toronto-New York-London},
	Title = {Probability theory},
	Year = {1955},
	Bdsk-Url-1 = {http://www.ams.org/mathscinet-getitem?mr=0066573}}

@inproceedings{LoMaRo05,
	Author = {A.E. L{\o}vgren and Y. Maday and E.M. R{\o}nquist},
	Booktitle = {SIMS 2005 46th Conference on Simulation and Modeling},
	Date-Added = {2014-01-18 18:01:20 +0000},
	Date-Modified = {2014-01-18 18:01:20 +0000},
	File = {LMR05_Lovgren_Maday_Ronquist_RBelement_steady_stokes.pdf:LMR05_Lovgren_Maday_Ronquist_RBelement_steady_stokes.pdf:PDF},
	Owner = {bhaas_01},
	Timestamp = {2009.01.28},
	Title = {A reduced basis element method for the steady Stokes problem: application to hierarchical flow systems},
	Url = {http://www.scansims.org/sims2005/SIMS2005_51.pdf},
	Year = {2005},
	Bdsk-Url-1 = {http://www.scansims.org/sims2005/SIMS2005_51.pdf}}

@article{LoMaRo06a,
	Author = {A.E. L{\o}vgren and Y. Maday and E.M. R{\o}nquist},
	Date-Added = {2014-01-18 18:01:20 +0000},
	Date-Modified = {2014-01-18 18:01:20 +0000},
	File = {:LMR06a_Lovgren_Maday_Ronquist_RB_element_Stokes.pdf:PDF},
	Journal = {Mathematical Modelling and Numerical Analysis (M2AN)},
	Owner = {bhaas_01},
	Pages = {529-552},
	Timestamp = {2008.09.30},
	Title = {A reduced basis element method for the steady Stokes problem},
	Volume = {40},
	Year = {2006}}

@inproceedings{MadRon02b,
	Author = {Maday, Yvon and R{\o}nquist, Einar M.},
	Booktitle = {Proceedings of the {F}ifth {I}nternational {C}onference on {S}pectral and {H}igh {O}rder {M}ethods ({ICOSAHOM}-01) ({U}ppsala)},
	Coden = {JSCOEB},
	Date-Added = {2014-01-18 18:01:20 +0000},
	Date-Modified = {2014-02-19 02:47:23 +0000},
	Doi = {10.1023/A:1015197908587},
	Fjournal = {Journal of Scientific Computing},
	Issn = {0885-7474},
	Journal = {J. Sci. Comput.},
	Mrclass = {65N30 (65N35)},
	Mrnumber = {1910582 (2003e:65224)},
	Number = {1-4},
	Pages = {447--459},
	Title = {A reduced-basis element method},
	Url = {http://dx.doi.org/10.1023/A:1015197908587},
	Volume = {17},
	Year = {2002},
	Bdsk-Url-1 = {http://dx.doi.org/10.1023/A:1015197908587}}

@article{MadRon04,
	Author = {Maday, Y. and R{\o}nquist, E.~M.},
	Date-Added = {2014-01-18 18:01:20 +0000},
	Date-Modified = {2015-02-17 00:04:57 +0000},
	Journal = {SIAM J. Sci. Comput.},
	Number = {1},
	Pages = {240--258 (electronic)},
	Title = {The reduced basis element method: application to a thermal fin problem},
	Volume = {26},
	Year = {2004},
	Bdsk-Url-1 = {http://dx.doi.org/10.1137/S1064827502419932}}

@article{MadSta12,
	Abstract = {Reduced order models, in particular the reduced basis method, rely on empirically built and problem dependent basis functions that are constructed during an off-line stage. In the on-line stage, the precomputed problem-dependent solution space, that is spanned by the basis functions, can then be used in order to reduce the size of the computational problem. For complex problems, the number of basis functions required to guarantee a certain error tolerance can become too large in order to benefit computationally from the model reduction. To overcome this, the present work introduces a framework where local approximation spaces (in parameter space) are used to define the reduced order approximation in order to have explicit control over the on-line cost. This approach also adapts the local approximation spaces to local anisotropic behavior in the parameter space. We present the algorithm and numerous numerical tests.},
	Author = {Y. Maday and B. Stamm},
	Date-Added = {2014-01-18 18:01:20 +0000},
	Date-Modified = {2014-01-18 18:01:20 +0000},
	Eprint = {1204.3846},
	Journal = {arXiv Preprint (submitted), Number 1204.3846, http://arxiv.org/abs/1204.3846},
	Month = {04},
	Number = {1204.3846},
	Title = {Locally adaptive greedy approximations for anisotropic parameter reduced basis spaces},
	Url = {http://arxiv.org/abs/1204.3846},
	Year = {2012},
	Bdsk-Url-1 = {http://arxiv.org/abs/1204.3846}}

@incollection{MaMu13,
	Author = {Maday, Y. and Mula, O.},
	Booktitle = {Analysis and Numerics of Partial Differential Equations},
	Date-Added = {2014-01-18 18:01:20 +0000},
	Date-Modified = {2014-01-18 18:01:20 +0000},
	Pages = {221--235},
	Publisher = {Springer Milan},
	Series = {Springer INdAM Series},
	Title = {A Generalized Empirical Interpolation Method: Application of Reduced Basis Techniques to Data Assimilation},
	Volume = {4},
	Year = {2013}}

@article{MaPaTu02,
	Author = {Maday, Y. and Patera, A.~T. and Turinici, G.},
	Date-Added = {2014-01-18 18:01:20 +0000},
	Date-Modified = {2014-01-18 18:01:20 +0000},
	Doi = {10.1016/S1631-073X(02)02466-4},
	Fjournal = {Comptes Rendus Math\'ematique. Acad\'emie des Sciences. Paris},
	Issn = {1631-073X},
	Journal = {C. R. Math. Acad. Sci. Paris},
	Mrclass = {65N30 (65N12)},
	Mrnumber = {1933676 (2003h:65161)},
	Mrreviewer = {Christos A. Xenophontos},
	Number = {3},
	Pages = {289--294},
	Title = {Global a priori convergence theory for reduced-basis approximations of single-parameter symmetric coercive elliptic partial differential equations},
	Url = {http://dx.doi.org/10.1016/S1631-073X(02)02466-4},
	Volume = {335},
	Year = {2002},
	Bdsk-Url-1 = {http://dx.doi.org/10.1016/S1631-073X(02)02466-4}}

@article{MaPaTu02b,
	Author = {Maday, Y. and Patera, A.~T. and Turinici, G.},
	Date-Added = {2014-01-18 18:01:20 +0000},
	Date-Modified = {2014-01-18 18:01:20 +0000},
	Doi = {10.1023/A:1015145924517},
	Journal = {J. Sci. Comput.},
	Number = {1-4},
	Pages = {437-446},
	Title = {{A priori convergence theory for reduced-basis approximations of single-parameter elliptic partial differential equations.}},
	Volume = {17},
	Year = {2002},
	Bdsk-Url-1 = {http://www.zentralblatt-math.org/zmath/en/search/?format=complete&q=an:1014.65115},
	Bdsk-Url-2 = {http://dx.doi.org/10.1023/A:1015145924517}}

@article{MaRokWan96,
	Author = {Ma, J. and Rokhlin, V. and Wandzura, S.},
	Coden = {SJNAAM},
	Date-Added = {2014-01-18 18:01:20 +0000},
	Date-Modified = {2014-01-18 18:01:20 +0000},
	Doi = {10.1137/0733048},
	Fjournal = {SIAM Journal on Numerical Analysis},
	Journal = {SIAM J. Numer. Anal.},
	Number = {3},
	Pages = {971--996},
	Title = {Generalized {G}aussian quadrature rules for systems of arbitrary functions},
	Volume = {33},
	Year = {1996},
	Bdsk-Url-1 = {http://www.ams.org/mathscinet-getitem?mr=1393898},
	Bdsk-Url-2 = {http://dx.doi.org/10.1137/0733048}}

@incollection{MauPerVen2013,
	Author = {Mauri, L. and Perotto, S. and Veneziani, A.},
	Booktitle = {Numerical Mathematics and Advanced Applications 2011},
	Date-Added = {2014-01-18 18:01:20 +0000},
	Date-Modified = {2014-01-18 18:01:20 +0000},
	Doi = {10.1007/978-3-642-33134-3_76},
	Editor = {Cangiani, Andrea and Davidchack, Ruslan L. and Georgoulis, Emmanuil and Gorban, Alexander N. and Levesley, Jeremy and Tretyakov, Michael V.},
	Isbn = {978-3-642-33133-6},
	Language = {English},
	Pages = {723--730},
	Publisher = {Springer Berlin Heidelberg},
	Title = {Adaptive Geometrical Multiscale Modeling for Hydrodynamic Problems},
	Url = {http://dx.doi.org/10.1007/978-3-642-33134-3_76},
	Year = {2013},
	Bdsk-Url-1 = {http://dx.doi.org/10.1007/978-3-642-33134-3_76}}

@article{Michel2003,
	Author = {Michel, A.},
	Date-Added = {2014-01-18 18:01:20 +0000},
	Date-Modified = {2014-01-18 18:01:20 +0000},
	Doi = {10.1137/S0036142900382739},
	Fjournal = {SIAM Journal on Numerical Analysis},
	Issn = {0036-1429},
	Journal = {SIAM J. Numer. Anal.},
	Number = {4},
	Pages = {1301--1317 (electronic)},
	Title = {A finite volume scheme for two-phase immiscible flow in porous media},
	Volume = {41},
	Year = {2003},
	Bdsk-Url-1 = {http://www.ams.org/mathscinet-getitem?mr=2034882},
	Bdsk-Url-2 = {http://dx.doi.org/10.1137/S0036142900382739}}

@article{MiPeSa05,
	Author = {Miglio, E. and Perotto, S. and Saleri, F.},
	Date-Added = {2014-01-18 18:01:20 +0000},
	Date-Modified = {2014-01-18 18:01:20 +0000},
	Journal = {Nonlinear Analysis},
	Number = {5},
	Pages = {e1885--e1896},
	Publisher = {Elsevier},
	Title = {Model coupling techniques for free-surface flow problems: Part {I}},
	Volume = {63},
	Year = {2005}}

@article{MNPP09,
	Author = {Maday, Y. and Nguyen, N.~C. Cuong and Patera, A.~T. and Pau, G.~S.~H.},
	Date-Added = {2014-01-18 18:01:20 +0000},
	Date-Modified = {2014-01-18 18:01:20 +0000},
	Doi = {10.3934/cpaa.2009.8.383},
	Fjournal = {Communications on Pure and Applied Analysis},
	Issn = {1534-0392},
	Journal = {Commun. Pure Appl. Anal.},
	Number = {1},
	Pages = {383--404},
	Title = {A general multipurpose interpolation procedure: the magic points},
	Volume = {8},
	Year = {2009},
	Bdsk-Url-1 = {http://dx.doi.org/10.3934/cpaa.2009.8.383}}

@article{NgPaPe08,
	Author = {Nguyen, N. C. and Patera, A. T. and Peraire, J.},
	Coden = {IJNMBH},
	Date-Added = {2014-01-18 18:01:20 +0000},
	Date-Modified = {2014-01-18 18:01:20 +0000},
	Doi = {10.1002/nme.2086},
	Fjournal = {International Journal for Numerical Methods in Engineering},
	Issn = {0029-5981},
	Journal = {Internat. J. Numer. Methods Engrg.},
	Number = {4},
	Pages = {521--543},
	Title = {A `best points' interpolation method for efficient approximation of parametrized functions},
	Volume = {73},
	Year = {2008},
	Bdsk-Url-1 = {http://dx.doi.org/10.1002/nme.2086}}

@article{Nouy07,
	Author = {Nouy, A.},
	Coden = {CMMECC},
	Date-Added = {2014-01-18 18:01:20 +0000},
	Date-Modified = {2014-01-18 18:01:20 +0000},
	Doi = {10.1016/j.cma.2007.05.016},
	Fjournal = {Computer Methods in Applied Mechanics and Engineering},
	Issn = {0045-7825},
	Journal = {Comput. Methods Appl. Mech. Engrg.},
	Mrclass = {65C30 (74S30)},
	Mrnumber = {2354451 (2008g:65012)},
	Mrreviewer = {A. D. Booth},
	Number = {45-48},
	Pages = {4521--4537},
	Title = {A generalized spectral decomposition technique to solve a class of linear stochastic partial differential equations},
	Url = {http://dx.doi.org/10.1016/j.cma.2007.05.016},
	Volume = {196},
	Year = {2007},
	Bdsk-Url-1 = {http://www.ams.org/mathscinet-getitem?mr=2354451},
	Bdsk-Url-2 = {http://dx.doi.org/10.1016/j.cma.2007.05.016}}

@article{Nouy2010,
	Author = {Nouy, A.},
	Date-Added = {2014-01-18 18:01:20 +0000},
	Date-Modified = {2014-01-18 18:01:20 +0000},
	Journal = {Computer Methods in Applied Mechanics and Engineering},
	Number = {23},
	Pages = {1603--1626},
	Publisher = {Elsevier},
	Title = {A priori model reduction through proper generalized decomposition for solving time-dependent partial differential equations},
	Volume = {199},
	Year = {2010}}

@article{Ohl05,
	Author = {Ohlberger, M.},
	Date-Added = {2014-01-18 18:01:20 +0000},
	Date-Modified = {2014-01-18 18:01:20 +0000},
	Doi = {10.1137/040605229},
	Fjournal = {Multiscale Modeling \& Simulation. A SIAM Interdisciplinary Journal},
	Issn = {1540-3459},
	Journal = {Multiscale Model. Simul.},
	Mrclass = {65N30 (65N15 74Q05 74S05 76M10 76M50)},
	Mrnumber = {2164710 (2006f:65122)},
	Mrreviewer = {Alan Demlow},
	Number = {1},
	Pages = {88--114 (electronic)},
	Title = {A posteriori error estimates for the heterogeneous multiscale finite element method for elliptic homogenization problems},
	Url = {http://dx.doi.org/10.1137/040605229},
	Volume = {4},
	Year = {2005},
	Bdsk-Url-1 = {http://www.ams.org/mathscinet-getitem?mr=2164710},
	Bdsk-Url-2 = {http://dx.doi.org/10.1137/040605229}}

@article{OhlSch2007,
	Author = {Ohlberger, M. and Schweizer, B.},
	Date-Added = {2014-01-18 18:01:20 +0000},
	Date-Modified = {2014-01-18 18:01:20 +0000},
	Fjournal = {Discrete and Continuous Dynamical Systems. Series A},
	Isbn = {978-1-60133-010-9; 1-60133-010-3},
	Issn = {1078-0947},
	Journal = {Discrete Contin. Dyn. Syst.},
	Mrclass = {76S05 (35K57)},
	Mrnumber = {MR2409916 (2009e:76198)},
	Number = {Dynamical Systems and Differential Equations. Proceedings of the 6th AIMS International Conference, suppl.},
	Pages = {794--803},
	Title = {Modelling of interfaces in unsaturated porous media},
	Year = {2007}}

@inproceedings{OhlSme2011,
	Address = {Barcelona},
	Author = {Ohlberger, M. and Smetana, K.},
	Booktitle = {Proceedings of the V International Conference on Adaptive Modeling and Simulation (ADMOS 2011) held in Paris, France, 6-8 June 2011},
	Date-Added = {2014-01-18 18:01:20 +0000},
	Date-Modified = {2014-01-18 18:01:20 +0000},
	Editor = {Aubry, D. and D\'{i}ez, P. and Tie, B. and Par\'{e}s, N.},
	Pages = {343--354},
	Read = {0},
	Title = {A new Hierarchical Model Reduction-Reduced Basis technique for advection-diffusion-reaction problems},
	Year = {2011}}

@article{Ortner09,
	Author = {Ortner, C.},
	Date-Added = {2014-01-18 18:01:20 +0000},
	Date-Modified = {2014-01-18 18:01:20 +0000},
	Doi = {10.1137/060668183},
	Fjournal = {SIAM Journal on Numerical Analysis},
	Issn = {0036-1429},
	Journal = {SIAM J. Numer. Anal.},
	Mrclass = {65N15},
	Mrnumber = {2525611 (2010g:65189)},
	Number = {4},
	Pages = {2550--2577},
	Title = {A posteriori existence in numerical computations},
	Url = {http://dx.doi.org/10.1137/060668183},
	Volume = {47},
	Year = {2009},
	Bdsk-Url-1 = {http://www.ams.org/mathscinet-getitem?mr=2525611},
	Bdsk-Url-2 = {http://dx.doi.org/10.1137/060668183}}

@techreport{OS10,
	Author = {Ohlberger, M. and Smetana, K.},
	Date-Added = {2014-01-18 18:01:20 +0000},
	Date-Modified = {2014-01-18 18:01:20 +0000},
	Institution = {FB 10, University Muenster},
	Month = {December},
	Number = {03/10},
	Title = {A new problem adapted hierarchical model reduction technique based on reduced basis methods and dimensional splitting},
	Type = {Preprint},
	Year = {2010}}

@article{Ovs74,
	Author = {Ovsjannikov, L.~V.},
	Date-Added = {2014-01-18 18:01:20 +0000},
	Date-Modified = {2014-01-18 18:01:20 +0000},
	Journal = {Arch. Mech},
	Pages = {407--422},
	Title = {To the shallow water theory foundation},
	Volume = {26},
	Year = {1974}}

@incollection{Ovs76,
	Author = {Ovsjannikov, L.~V.},
	Booktitle = {Applications of methods of functional analysis to problems in mechanics},
	Date-Added = {2014-01-18 18:01:20 +0000},
	Date-Modified = {2014-01-18 18:01:20 +0000},
	Pages = {426--437},
	Publisher = {Springer},
	Title = {Cauchy problem in a scale of Banach spaces and its application to the shallow water theory justification},
	Year = {1976}}

@article{Pan1998,
	Author = {Panasenko, G. P.},
	Date-Added = {2014-01-18 18:01:20 +0000},
	Date-Modified = {2014-01-18 18:01:20 +0000},
	Doi = {10.1142/S021820259800007X},
	Fjournal = {Mathematical Models \& Methods in Applied Sciences},
	Issn = {0218-2025},
	Journal = {Math. Models Methods Appl. Sci.},
	Mrclass = {35B25 (35J99 65N55 73B27)},
	Mrnumber = {1612012 (98m:35014)},
	Mrreviewer = {Peregrina Quintela Est{{\'e}}vez},
	Number = {1},
	Pages = {139--156},
	Title = {Method of asymptotic partial decomposition of domain},
	Url = {http://dx.doi.org/10.1142/S021820259800007X},
	Volume = {8},
	Year = {1998},
	Bdsk-Url-1 = {http://www.ams.org/mathscinet-getitem?mr=1612012},
	Bdsk-Url-2 = {http://dx.doi.org/10.1142/S021820259800007X}}

@article{Pan2000,
	Author = {Panasenko, G.~P.},
	Coden = {APANCC},
	Date-Added = {2014-01-18 18:01:20 +0000},
	Date-Modified = {2014-01-18 18:01:20 +0000},
	Doi = {10.1080/00036810008840890},
	Fjournal = {Applicable Analysis. An International Journal},
	Issn = {0003-6811},
	Journal = {Appl. Anal.},
	Mrclass = {35Q30 (35B27 35C20 76D07)},
	Mrnumber = {1812481 (2001m:35258)},
	Number = {3-4},
	Pages = {363--381},
	Title = {Asymptotic expansion of the solution of {N}avier-{S}tokes equation in tube structure and partial asymptotic decomposition of the domain},
	Url = {http://dx.doi.org/10.1080/00036810008840890},
	Volume = {76},
	Year = {2000},
	Bdsk-Url-1 = {http://www.ams.org/mathscinet-getitem?mr=1812481},
	Bdsk-Url-2 = {http://dx.doi.org/10.1080/00036810008840890}}

@article{PanVia2008,
	Author = {Panasenko, G.~P. and Viallon, M.-C.},
	Date-Added = {2014-01-18 18:01:20 +0000},
	Date-Modified = {2014-01-18 18:01:20 +0000},
	Doi = {10.1080/00036810802282533},
	Fjournal = {Applicable Analysis. An International Journal},
	Issn = {0003-6811},
	Journal = {Appl. Anal.},
	Mrclass = {65N08 (35B27 35C20 35Q53 65N55 76M12)},
	Mrnumber = {2482389 (2010e:65189)},
	Number = {12},
	Pages = {1397--1424},
	Title = {The finite volume implementation of the partial asymptotic domain decomposition},
	Url = {http://dx.doi.org/10.1080/00036810802282533},
	Volume = {87},
	Year = {2008},
	Bdsk-Url-1 = {http://www.ams.org/mathscinet-getitem?mr=2482389},
	Bdsk-Url-2 = {http://dx.doi.org/10.1080/00036810802282533}}

@book{PatRoz2006,
	Author = {Patera, A.~T. and Rozza, G.},
	Date-Added = {2014-01-18 18:01:20 +0000},
	Date-Modified = {2014-01-18 18:01:20 +0000},
	Publisher = {Version 1.0, Copyright MIT 2006, to appear in (tentative rubric) MIT Pappalardo Graduate Monographs in Mechanical Engineering},
	Title = {Reduced basis approximation and a posteriori error estimation for parametrized partial differential equations},
	Year = {2006}}

@article{Pea01,
	Author = {Pearson, K.},
	Date-Added = {2014-01-18 18:01:20 +0000},
	Date-Modified = {2014-01-18 18:01:20 +0000},
	Journal = {Phil. Mag.},
	Pages = {559--572},
	Title = {{On lines and planes of closest fit to systems of points in space.}},
	Volume = {2},
	Year = {1901},
	Bdsk-Url-1 = {http://www.zentralblatt-math.org/zmath/en/search/?format=complete&q=an:32.0710.04}}

@article{PeBuWiBu13,
	Author = {Peherstorfer, B. and Butnaru, D. and Willcox, K. and Bungartz, H-J.},
	Date-Added = {2014-01-18 18:01:20 +0000},
	Date-Modified = {2014-01-18 18:01:20 +0000},
	Journal = {accepted for publication in SIAM J. Sci. Comp.},
	Title = {Localized discrete empirical interpolation method},
	Year = {2013}}

@article{Per12,
	Author = {Perotto, S. and Veneziani, A.},
	Date-Added = {2014-01-18 18:01:20 +0000},
	Date-Modified = {2014-01-18 18:01:20 +0000},
	Journal = {Journal of Scientific Computing, doi: 10.1007/s10915-013-9804-y},
	Title = {Coupled Model and Grid Adaptivity in Hierarchical Reduction of Elliptic Problems},
	Year = {2013}}

@article{PerErnVen10,
	Author = {Perotto, S. and Ern, A. and Veneziani, A.},
	Date-Added = {2014-01-18 18:01:20 +0000},
	Date-Modified = {2014-01-18 18:01:20 +0000},
	Doi = {10.1137/090756624},
	Fjournal = {Multiscale Modeling \& Simulation. A SIAM Interdisciplinary Journal},
	Issn = {1540-3459},
	Journal = {Multiscale Model. Simul.},
	Number = {4},
	Pages = {1102--1127},
	Title = {Hierarchical local model reduction for elliptic problems: a domain decomposition approach},
	Volume = {8},
	Year = {2010},
	Bdsk-Url-1 = {http://dx.doi.org/10.1137/090756624}}

@techreport{PerErnVen2009,
	Author = {Perotto, S. and Ern, A. and Veneziani, A.},
	Date-Added = {2014-01-18 18:01:20 +0000},
	Date-Modified = {2014-01-18 18:01:20 +0000},
	Institution = {MOX, Dipartimento di Matematica "F. Brioschi" Politecnico di Milano},
	Number = {15/2009},
	Title = {Hierarchical local model reduction for elliptic problems {I}: a domain decomposition approach},
	Type = {MOX-Report},
	Year = {2009}}

@incollection{PerZil2013,
	Author = {Perotto, S. and Zilio, A.},
	Booktitle = {Numerical Mathematics and Advanced Applications 2011},
	Date-Added = {2014-01-18 18:01:20 +0000},
	Date-Modified = {2014-01-18 18:01:20 +0000},
	Doi = {10.1007/978-3-642-33134-3_88},
	Editor = {Cangiani, Andrea and Davidchack, Ruslan L. and Georgoulis, Emmanuil and Gorban, Alexander N. and Levesley, Jeremy and Tretyakov, Michael V.},
	Isbn = {978-3-642-33133-6},
	Language = {English},
	Pages = {851--859},
	Publisher = {Springer Berlin Heidelberg},
	Title = {Hierarchical Model Reduction: Three Different Approaches},
	Url = {http://dx.doi.org/10.1007/978-3-642-33134-3_88},
	Year = {2013},
	Bdsk-Url-1 = {http://dx.doi.org/10.1007/978-3-642-33134-3_88}}

@book{Pinkus85,
	Address = {Berlin},
	Author = {Pinkus, A.},
	Date-Added = {2014-01-18 18:01:20 +0000},
	Date-Modified = {2014-01-18 18:01:20 +0000},
	Isbn = {3-540-13638-X},
	Mrclass = {41-02 (41A46 46E35)},
	Mrreviewer = {Klaus H{\"o}llig},
	Pages = {x+291},
	Publisher = {Springer-Verlag},
	Title = {{$n$}-widths in approximation theory},
	Volume = {7},
	Year = {1985}}

@article{PouRap94,
	Author = {Pousin, J. and Rappaz, J.},
	Coden = {NUMMA7},
	Date-Added = {2014-01-18 18:01:20 +0000},
	Date-Modified = {2014-01-18 18:01:20 +0000},
	Doi = {10.1007/s002110050088},
	Fjournal = {Numerische Mathematik},
	Issn = {0029-599X},
	Journal = {Numer. Math.},
	Number = {2},
	Pages = {213--231},
	Title = {Consistency, stability, a priori and a posteriori errors for {P}etrov-{G}alerkin methods applied to nonlinear problems},
	Volume = {69},
	Year = {1994},
	Bdsk-Url-1 = {http://www.ams.org/mathscinet-getitem?mr=1310318},
	Bdsk-Url-2 = {http://dx.doi.org/10.1007/s002110050088}}

@book{QuaSacSal2000,
	Address = {New York},
	Author = {Quarteroni, A. and Sacco, R. and Saleri, F.},
	Date-Added = {2014-01-18 18:01:20 +0000},
	Date-Modified = {2014-01-18 18:01:20 +0000},
	Publisher = {Springer-Verlag},
	Series = {Texts in Applied Mathematics},
	Title = {Numerical mathematics},
	Volume = {37},
	Year = {2000},
	Bdsk-Url-1 = {http://www.ams.org/mathscinet-getitem?mr=1751750}}

@article{QuaVen03,
	Author = {Quarteroni, A. and Veneziani, A.},
	Date-Added = {2014-01-18 18:01:20 +0000},
	Date-Modified = {2014-01-18 18:01:20 +0000},
	Doi = {10.1137/S1540345902408482},
	Fjournal = {Multiscale Modeling \& Simulation. A SIAM Interdisciplinary Journal},
	Issn = {1540-3459},
	Journal = {Multiscale Model. Simul.},
	Mrclass = {76Z05 (35M20 35Q30 76D03 76M45 92C35)},
	Mrnumber = {1990194 (2004f:76126)},
	Number = {2},
	Pages = {173--195 (electronic)},
	Title = {Analysis of a geometrical multiscale model based on the coupling of {ODE}s and {PDE}s for blood flow simulations},
	Url = {http://dx.doi.org/10.1137/S1540345902408482},
	Volume = {1},
	Year = {2003},
	Bdsk-Url-1 = {http://www.ams.org/mathscinet-getitem?mr=1990194},
	Bdsk-Url-2 = {http://dx.doi.org/10.1137/S1540345902408482}}

@article{QuRoMa11,
	Author = {Quarteroni, A. and Rozza, G. and Manzoni, A.},
	Date-Added = {2014-01-18 18:01:20 +0000},
	Date-Modified = {2014-01-18 18:01:20 +0000},
	Fjournal = {Journal of Mathematics in Industry},
	Issn = {2910-5983},
	Journal = {J. Math. Ind.},
	Mrclass = {65N30 (65M60)},
	Mrnumber = {2824231 (2012g:65266)},
	Title = {Certified reduced basis approximation for parametrized partial differential equations and applications},
	Volume = {1, Art. 3},
	Year = {2011},
	Bdsk-Url-1 = {http://www.ams.org/mathscinet-getitem?mr=2824231}}

@inproceedings{RasGre2012,
	Author = {Rasty, M. and Grepl, M.A.},
	Booktitle = {accepted for publication in Proceedings MATHMOD 2012, 7th Vienna International Conference on Mathematical Modelling},
	Date-Added = {2014-01-18 18:01:20 +0000},
	Date-Modified = {2014-01-18 18:01:20 +0000},
	Title = {Efficient reduced basis solution of quadratically nonlinear diffusion equations},
	Year = {2012}}

@article{Repin2000,
	Author = {Repin, S.~I.},
	Coden = {MCMPAF},
	Date-Added = {2014-01-18 18:01:20 +0000},
	Date-Modified = {2014-01-18 18:01:20 +0000},
	Doi = {10.1090/S0025-5718-99-01190-4},
	Fjournal = {Mathematics of Computation},
	Issn = {0025-5718},
	Journal = {Math. Comp.},
	Mrclass = {49M29 (65J15 65K10)},
	Mrnumber = {1681096 (2000i:49046)},
	Mrreviewer = {Viorel Arnautu},
	Number = {230},
	Pages = {481--500},
	Title = {A posteriori error estimation for variational problems with uniformly convex functionals},
	Url = {http://dx.doi.org/10.1090/S0025-5718-99-01190-4},
	Volume = {69},
	Year = {2000},
	Bdsk-Url-1 = {http://www.ams.org/mathscinet-getitem?mr=1681096},
	Bdsk-Url-2 = {http://dx.doi.org/10.1090/S0025-5718-99-01190-4}}

@article{RoHuPa08,
	Author = {G. Rozza and D.B.P. Huynh and A.T. Patera},
	Date-Added = {2014-01-18 18:01:20 +0000},
	Date-Modified = {2014-01-18 18:01:20 +0000},
	File = {RHP07_Rozza_Huynh_Patera_RB_approximation_elliptic.pdf:RHP07_Rozza_Huynh_Patera_RB_approximation_elliptic.pdf:PDF},
	Journal = {Arch. Comput. Meth. Eng.},
	Number = {3},
	Owner = {haasdonk},
	Pages = {229--275},
	Timestamp = {2009.09.09},
	Title = {Reduced Basis approximation and a posteriori error estimation for affinely parametrized elliptic coercive partial differential equations: application to transport and continuum mechanics},
	Volume = {15},
	Year = {2008}}

@book{Ruzicka2004,
	Address = {Berlin},
	Author = {R\r{u}\v{z}i\v{c}ka, M.},
	Date-Added = {2014-01-18 18:01:20 +0000},
	Date-Modified = {2014-01-18 18:01:20 +0000},
	Doi = {10.1007/3-540-35022-5},
	Publisher = {Springer},
	Title = {{Nonlinear functional analysis. An introduction. (Nichtlineare Funktionalanalysis. Eine Einf{\"u}hrung.)}},
	Year = {2004},
	Bdsk-Url-1 = {http://www.zentralblatt-math.org/zmath/en/search/?format=complete&q=an:1043.46002},
	Bdsk-Url-2 = {http://dx.doi.org/10.1007/3-540-35022-5}}

@article{Sa11,
	Author = {Sainte-Marie, J.},
	Date-Added = {2014-01-18 18:01:20 +0000},
	Date-Modified = {2014-01-18 18:01:20 +0000},
	Doi = {10.1142/S0218202511005118},
	Fjournal = {Mathematical Models and Methods in Applied Sciences},
	Issn = {0218-2025},
	Journal = {Math. Models Methods Appl. Sci.},
	Mrclass = {76B07 (35Q31 35Q35 76D05 76M28 76P05)},
	Mrnumber = {2782721 (2012c:76013)},
	Mrreviewer = {Rapha{{\"e}}l Danchin},
	Number = {3},
	Pages = {459--490},
	Title = {Vertically averaged models for the free surface non-hydrostatic {E}uler system: derivation and kinetic interpretation},
	Url = {http://dx.doi.org/10.1142/S0218202511005118},
	Volume = {21},
	Year = {2011},
	Bdsk-Url-1 = {http://www.ams.org/mathscinet-getitem?mr=2782721},
	Bdsk-Url-2 = {http://dx.doi.org/10.1142/S0218202511005118}}

@book{SchWen2005,
	Address = {Berlin},
	Author = {Schaback, R. and Wendland, H.},
	Date-Added = {2014-01-18 18:01:20 +0000},
	Date-Modified = {2014-01-18 18:01:20 +0000},
	Doi = {10.1007/b137970},
	Publisher = {Springer},
	Title = {{Numerical mathematics. (Numerische Mathematik.) 5th completely new revised ed.}},
	Year = {2005},
	Bdsk-Url-1 = {http://www.zentralblatt-math.org/zmath/en/search/?format=complete&q=an:1060.65003},
	Bdsk-Url-2 = {http://dx.doi.org/10.1007/b137970}}

@article{ScoZha90,
	Author = {Scott, L.~R. and Zhang, S.},
	Coden = {MCMPAF},
	Date-Added = {2014-01-18 18:01:20 +0000},
	Date-Modified = {2014-01-18 18:01:20 +0000},
	Doi = {10.2307/2008497},
	Fjournal = {Mathematics of Computation},
	Issn = {0025-5718},
	Journal = {Math. Comp.},
	Number = {190},
	Pages = {483--493},
	Title = {Finite element interpolation of nonsmooth functions satisfying boundary conditions},
	Volume = {54},
	Year = {1990},
	Bdsk-Url-1 = {http://www.ams.org/mathscinet-getitem?mr=1011446},
	Bdsk-Url-2 = {http://dx.doi.org/10.2307/2008497}}

@article{Sir87,
	Author = {Sirovich, L.},
	Coden = {QAMAAY},
	Date-Added = {2014-01-18 18:01:20 +0000},
	Date-Modified = {2014-01-18 18:01:20 +0000},
	Fjournal = {Quarterly of Applied Mathematics},
	Issn = {0033-569X},
	Journal = {Quart. Appl. Math.},
	Mrclass = {76F99 (58F13)},
	Mrnumber = {910462 (89a:76041a)},
	Mrreviewer = {Dieter H. Mayer},
	Number = {3},
	Pages = {561--571},
	Title = {Turbulence and the dynamics of coherent structures. {I}. {C}oherent structures},
	Volume = {45},
	Year = {1987},
	Bdsk-Url-1 = {http://www.ams.org/mathscinet-getitem?mr=910462}}

@phdthesis{Sme13,
	Author = {K. Smetana},
	Date-Added = {2014-01-18 18:01:20 +0000},
	Date-Modified = {2014-01-18 18:01:20 +0000},
	School = {University of Munster},
	Title = {A dimensional reduction approach based on the application of Reduced Basis Methods in the context of Hierarchical Model Reduction},
	Year = {2013}}

@book{Stoker1992,
	Address = {New York},
	Author = {Stoker, J. J.},
	Date-Added = {2014-01-18 18:01:20 +0000},
	Date-Modified = {2014-01-18 18:01:20 +0000},
	Isbn = {0-471-57034-6},
	Mrclass = {76B15 (35Q30 76-01 76D33)},
	Note = {The mathematical theory with applications, Reprint of the 1957 original, A Wiley-Interscience Publication},
	Pages = {xxvi+567},
	Publisher = {John Wiley \& Sons Inc.},
	Series = {Wiley Classics Library},
	Title = {Water waves},
	Year = {1992},
	Bdsk-Url-1 = {http://www.ams.org/mathscinet-getitem?mr=1153414}}

@book{Tem01,
	Author = {Temam, R.},
	Date-Added = {2014-01-18 18:01:20 +0000},
	Date-Modified = {2014-01-18 18:01:20 +0000},
	Isbn = {0-8218-2737-5},
	Mrclass = {76-02 (35Q30 65Mxx 65Nxx 76D03 76D05 76N10)},
	Mrreviewer = {Tom{{\'a}}s Chac{{\'o}}n Rebollo},
	Note = {Theory and numerical analysis},
	Pages = {xiv+408},
	Publisher = {AMS Chelsea Publishing, Providence, RI},
	Title = {Navier-{S}tokes equations},
	Year = {2001},
	Bdsk-Url-1 = {http://www.ams.org/mathscinet-getitem?mr=1846644}}

@article{Tem2008,
	Author = {Temlyakov, V. N.},
	Date-Added = {2014-01-18 18:01:20 +0000},
	Date-Modified = {2014-01-18 18:01:20 +0000},
	Doi = {10.1017/S0962492906380014},
	Fjournal = {Acta Numerica},
	Isbn = {978-0-521-51642-6},
	Issn = {0962-4929},
	Journal = {Acta Numer.},
	Mrclass = {41A65 (42C30 46B20 65K10 68W25)},
	Mrnumber = {2436013 (2009g:41066)},
	Mrreviewer = {Vitaly E. Ma{\u\i}orov},
	Pages = {235--409},
	Title = {Greedy approximation},
	Url = {http://dx.doi.org/10.1017/S0962492906380014},
	Volume = {17},
	Year = {2008},
	Bdsk-Url-1 = {http://www.ams.org/mathscinet-getitem?mr=2436013},
	Bdsk-Url-2 = {http://dx.doi.org/10.1017/S0962492906380014}}

@phdthesis{tonn2011,
	Author = {Tonn, T.},
	Date-Added = {2014-01-18 18:01:20 +0000},
	Date-Modified = {2014-01-18 18:01:20 +0000},
	School = {Universit{\"a}t Ulm},
	Title = {Reduced-Basis Method (RBM) for Non-Affine Elliptic Parametrized PDEs},
	Year = {2011}}

@book{Urb09,
	Address = {Oxford},
	Author = {Urban, K.},
	Date-Added = {2014-01-18 18:01:20 +0000},
	Date-Modified = {2014-01-18 18:01:20 +0000},
	Isbn = {978-0-19-852605-6},
	Mrclass = {65T60 (35A35 35J25 42C40 65N30 65N35)},
	Mrnumber = {MR2473650 (2009k:65290)},
	Mrreviewer = {Thomas K. Huckle},
	Pages = {xxviii+480},
	Publisher = {Oxford University Press},
	Series = {Numerical Mathematics and Scientific Computation},
	Title = {Wavelet methods for elliptic partial differential equations},
	Year = {2009}}

@article{UrBlVeFe06,
	Author = {Urquiza, S. A. and Blanco, P. J. and V{{\'e}}nere, M. J. and Feij{{\'o}}o, R. A.},
	Coden = {CMMECC},
	Date-Added = {2014-01-18 18:01:20 +0000},
	Date-Modified = {2014-01-18 18:01:20 +0000},
	Doi = {10.1016/j.cma.2005.07.014},
	Fjournal = {Computer Methods in Applied Mechanics and Engineering},
	Issn = {0045-7825},
	Journal = {Comput. Methods Appl. Mech. Engrg.},
	Mrclass = {76Z05 (74F10 76M10 92C35)},
	Mrnumber = {2229832 (2006m:76159)},
	Number = {33-36},
	Pages = {4002--4017},
	Title = {Multidimensional modelling for the carotid artery blood flow},
	Url = {http://dx.doi.org/10.1016/j.cma.2005.07.014},
	Volume = {195},
	Year = {2006},
	Bdsk-Url-1 = {http://www.ams.org/mathscinet-getitem?mr=2229832},
	Bdsk-Url-2 = {http://dx.doi.org/10.1016/j.cma.2005.07.014}}

@inproceedings{UrbWie2012,
	Author = {Urban, K. and Wieland, B.},
	Booktitle = {accepted for publication in Proceedings MATHMOD 2012, 7th Vienna International Conference on Mathematical Modelling},
	Date-Added = {2014-01-18 18:01:20 +0000},
	Date-Modified = {2014-01-18 18:01:20 +0000},
	Title = {Affine decompositions of parametric stochastic processes for application within reduced basis methods},
	Year = {2012}}

@inproceedings{VePrRoPa03,
	Author = {Veroy, K. and Prud'homme, C. and Rovas, D.~V. and Patera, A.~T.},
	Booktitle = {Proceedings of the 16th AIAA Computational Fluid Dynamics Conference},
	Date-Added = {2014-01-18 18:01:20 +0000},
	Date-Modified = {2014-01-18 18:01:20 +0000},
	Title = {A posteriori error bounds for reduced-basis approximation of parametrized noncoercive and nonlinear elliptic partial differential equations},
	Volume = {3847},
	Year = {2003}}

@article{Verfuerth94,
	Author = {Verf{{\"u}}rth, R.},
	Coden = {MCMPAF},
	Date-Added = {2014-01-18 18:01:20 +0000},
	Date-Modified = {2014-01-18 18:01:20 +0000},
	Doi = {10.2307/2153518},
	Fjournal = {Mathematics of Computation},
	Issn = {0025-5718},
	Journal = {Math. Comp.},
	Mrclass = {65N30},
	Mrnumber = {1213837 (94j:65136)},
	Number = {206},
	Pages = {445--475},
	Title = {A posteriori error estimates for nonlinear problems. {F}inite element discretizations of elliptic equations},
	Url = {http://dx.doi.org/10.2307/2153518},
	Volume = {62},
	Year = {1994},
	Bdsk-Url-1 = {http://www.ams.org/mathscinet-getitem?mr=1213837},
	Bdsk-Url-2 = {http://dx.doi.org/10.2307/2153518}}

@article{VerPat05,
	Author = {Veroy, K. and Patera, A.~T.},
	Coden = {IJNFDW},
	Date-Added = {2014-01-18 18:01:20 +0000},
	Date-Modified = {2014-01-18 18:01:20 +0000},
	Doi = {10.1002/fld.867},
	Fjournal = {International Journal for Numerical Methods in Fluids},
	Journal = {Internat. J. Numer. Methods Fluids},
	Number = {8-9},
	Pages = {773--788},
	Title = {Certified real-time solution of the parametrized steady incompressible {N}avier-{S}tokes equations: rigorous reduced-basis a posteriori error bounds},
	Volume = {47},
	Year = {2005},
	Bdsk-Url-1 = {http://www.ams.org/mathscinet-getitem?mr=2123791},
	Bdsk-Url-2 = {http://dx.doi.org/10.1002/fld.867}}

@article{VogBab81a,
	Author = {Vogelius, M. and Babu{\v{s}}ka, I.},
	Coden = {MCMPAF},
	Date-Added = {2014-01-18 18:01:20 +0000},
	Date-Modified = {2014-01-18 18:01:20 +0000},
	Doi = {10.2307/2007498},
	Fjournal = {Mathematics of Computation},
	Journal = {Math. Comp.},
	Number = {155},
	Pages = {31--46},
	Title = {On a dimensional reduction method. {I}. {T}he optimal selection of basis functions},
	Volume = {37},
	Year = {1981},
	Bdsk-Url-1 = {http://dx.doi.org/10.2307/2007498}}

@article{VogBab81b,
	Author = {Vogelius, M. and Babu{\v{s}}ka, I.},
	Coden = {MCMPAF},
	Date-Added = {2014-01-18 18:01:20 +0000},
	Date-Modified = {2014-01-18 18:01:20 +0000},
	Doi = {10.2307/2007499},
	Fjournal = {Mathematics of Computation},
	Issn = {0025-5718},
	Journal = {Math. Comp.},
	Mrclass = {65N99 (65J10)},
	Mrreviewer = {Murli M. Gupta},
	Number = {155},
	Pages = {47--68},
	Title = {On a dimensional reduction method. {II}. {S}ome approximation-theoretic results},
	Url = {http://dx.doi.org/10.2307/2007499},
	Volume = {37},
	Year = {1981},
	Bdsk-Url-1 = {http://dx.doi.org/10.2307/2007499}}

@article{VogBab81c,
	Author = {Vogelius, M. and Babu{\v{s}}ka, I.},
	Coden = {MCMPAF},
	Date-Added = {2014-01-18 18:01:20 +0000},
	Date-Modified = {2014-01-18 18:01:20 +0000},
	Doi = {10.2307/2007432},
	Fjournal = {Mathematics of Computation},
	Issn = {0025-5718},
	Journal = {Math. Comp.},
	Mrclass = {65N99 (65J10)},
	Mrreviewer = {Murli M. Gupta},
	Number = {156},
	Pages = {361--384},
	Title = {On a dimensional reduction method. {III}. {A} posteriori error estimation and an adaptive approach},
	Url = {http://dx.doi.org/10.2307/2007432},
	Volume = {37},
	Year = {1981},
	Bdsk-Url-1 = {http://dx.doi.org/10.2307/2007432}}

@techreport{WirSorHaa12,
	Address = {http://www.agh.ians.uni-stuttgart.de/publications/2012/WSH12},
	Author = {Wirtz, D. and Sorensen, D.~C. and Haasdonk, B.},
	Date-Added = {2014-01-18 18:01:20 +0000},
	Date-Modified = {2014-01-18 18:01:20 +0000},
	Institution = {SimTech Preprint, University Stuttgart},
	Title = {A-posteriori error estimation for {DEIM} reduced nonlinear dynamical systems},
	Year = {2012}}

@article{YarRok98,
	Author = {Yarvin, N. and Rokhlin, V.},
	Date-Added = {2014-01-18 18:01:20 +0000},
	Date-Modified = {2014-01-18 18:01:20 +0000},
	Doi = {10.1137/S1064827596310779},
	Fjournal = {SIAM Journal on Scientific Computing},
	Journal = {SIAM J. Sci. Comput.},
	Number = {2},
	Pages = {699--718 (electronic)},
	Title = {Generalized {G}aussian quadratures and singular value decompositions of integral operators},
	Volume = {20},
	Year = {1998},
	Bdsk-Url-1 = {http://www.ams.org/mathscinet-getitem?mr=1642612},
	Bdsk-Url-2 = {http://dx.doi.org/10.1137/S1064827596310779}}

@article{HetLeh10,
	Author = {Hetmaniuk, U. and Lehoucq, R.~B.},
	Date-Added = {2014-01-05 13:07:30 +0000},
	Date-Modified = {2014-02-19 01:29:58 +0000},
	Journal = {ESAIM Math. Model. Numer. Anal.},
	Number = {3},
	Pages = {401--420},
	Title = {A special finite element method based on component mode synthesis},
	Volume = {44},
	Year = {2010}}

@book{Ada75,
	Author = {Adams, R.~A.},
	Date-Added = {2013-12-13 14:43:18 +0000},
	Date-Modified = {2014-02-19 01:27:14 +0000},
	Mrclass = {46E35},
	Mrnumber = {0450957 (56 \#9247)},
	Mrreviewer = {A. Kufner},
	Note = {Pure and Applied Mathematics, Vol. 65},
	Pages = {xviii+268},
	Publisher = {Academic Press, New York-London},
	Title = {Sobolev spaces},
	Year = {1975},
	Bdsk-Url-1 = {http://www.ams.org/mathscinet-getitem?mr=0450957}}

@book{Ver13,
	Address = {Oxford},
	Author = {Verf{{\"u}}rth, R{{\"u}}diger},
	Date-Added = {2013-10-29 05:21:06 +0000},
	Date-Modified = {2013-10-29 05:21:18 +0000},
	Doi = {10.1093/acprof:oso/9780199679423.001.0001},
	Isbn = {978-0-19-967942-3},
	Mrclass = {65N30 (35J25 35K20 35Q30 35Q74 65N15)},
	Mrnumber = {3059294},
	Pages = {xx+393},
	Publisher = {Oxford University Press},
	Series = {Numerical Mathematics and Scientific Computation},
	Title = {A posteriori error estimation techniques for finite element methods},
	Url = {http://dx.doi.org/10.1093/acprof:oso/9780199679423.001.0001},
	Year = {2013},
	Bdsk-Url-1 = {http://www.ams.org/mathscinet-getitem?mr=3059294},
	Bdsk-Url-2 = {http://dx.doi.org/10.1093/acprof:oso/9780199679423.001.0001}}

@article{MoNoSi03,
	Author = {Morin, P. and Nochetto, R.~H. and Siebert, K.~G.},
	Coden = {MCMPAF},
	Date-Added = {2013-10-02 04:07:12 +0000},
	Date-Modified = {2013-10-02 04:08:00 +0000},
	Doi = {10.1090/S0025-5718-02-01463-1},
	Fjournal = {Mathematics of Computation},
	Issn = {0025-5718},
	Journal = {Math. Comp.},
	Mrclass = {65N15 (65N50)},
	Mrnumber = {1972728 (2004d:65129)},
	Mrreviewer = {Piotr P. Matus},
	Number = {243},
	Pages = {1067--1097 (electronic)},
	Title = {Local problems on stars: a posteriori error estimators, convergence, and performance},
	Url = {http://dx.doi.org/10.1090/S0025-5718-02-01463-1},
	Volume = {72},
	Year = {2003},
	Bdsk-Url-1 = {http://www.ams.org/mathscinet-getitem?mr=1972728},
	Bdsk-Url-2 = {http://dx.doi.org/10.1090/S0025-5718-02-01463-1}}

@article{MaMaPa00,
	Author = {Machiels, L. and Maday, Y. and Patera, A.~T.},
	Coden = {CASMEI},
	Date-Added = {2013-10-02 03:53:11 +0000},
	Date-Modified = {2013-10-02 03:53:47 +0000},
	Doi = {10.1016/S0764-4442(00)00122-1},
	Fjournal = {Comptes Rendus de l'Acad{\'e}mie des Sciences. S{\'e}rie I. Math{\'e}matique},
	Issn = {0764-4442},
	Journal = {C. R. Acad. Sci. Paris S{\'e}r. I Math.},
	Mrclass = {65N30},
	Mrnumber = {1748317 (2001a:65144)},
	Mrreviewer = {Dinh Nho H{{\`a}}o},
	Number = {3},
	Pages = {249--254},
	Title = {A ``flux-free'' nodal {N}eumann subproblem approach to output bounds for partial differential equations},
	Url = {http://dx.doi.org/10.1016/S0764-4442(00)00122-1},
	Volume = {330},
	Year = {2000},
	Bdsk-Url-1 = {http://www.ams.org/mathscinet-getitem?mr=1748317},
	Bdsk-Url-2 = {http://dx.doi.org/10.1016/S0764-4442(00)00122-1}}

@article{EftPat13a,
	Author = {Eftang, J.~L and Patera, A.~T.},
	Date-Added = {2013-09-24 20:25:56 +0000},
	Date-Modified = {2014-02-19 01:28:40 +0000},
	Journal = {Internat. J. Numer. Methods Engrg.},
	Number = {5},
	Pages = {269--302},
	Title = {Port reduction in parametrized component static condensation: approximation and a posteriori error estimation},
	Volume = {96},
	Year = {2013}}

@article{DePeWo13,
	Author = {DeVore, R. and Petrova, G. and Wojtaszczyk, P.},
	Date-Added = {2013-09-24 18:44:15 +0000},
	Date-Modified = {2014-03-15 20:00:11 +0000},
	Journal = {Constr. Approx.},
	Number = {3},
	Pages = {455--466},
	Title = {Greedy algorithms for reduced bases in {B}anach spaces},
	Volume = {37},
	Year = {2013},
	Bdsk-Url-1 = {http://www.ams.org/mathscinet-getitem?mr=3054611},
	Bdsk-Url-2 = {http://dx.doi.org/10.1007/s00365-013-9186-2}}

@techreport{HeOhSc12,
	Author = {Henning, P. and Ohlberger, M. and Schweizer, B.},
	Date-Added = {2013-09-16 20:04:21 +0000},
	Date-Modified = {2013-09-16 20:08:53 +0000},
	Institution = {FB 10 , Universit\"{a}t M\"{u}nster},
	Number = {05/12 - N},
	Title = {An adaptive Multiscale Finite Element Method},
	Type = {Preprint},
	Year = {2012}}

@article{BrHuSu01,
	Author = {Brezzi, F. and Hughes, T.~J.~R. and S{{\"u}}li, E.},
	Date-Added = {2013-09-11 15:04:13 +0000},
	Date-Modified = {2013-09-11 15:04:54 +0000},
	Fjournal = {Atti della Accademia Nazionale dei Lincei. Classe di Scienze Fisiche, Matematiche e Naturali. Rendiconti Lincei. Serie IX. Matematica e Applicazioni},
	Issn = {1120-6330},
	Journal = {Atti Accad. Naz. Lincei Cl. Sci. Fis. Mat. Natur. Rend. Lincei (9) Mat. Appl.},
	Mrclass = {65N30 (65N12)},
	Mrnumber = {1898457 (2003e:65210)},
	Pages = {159--166 (2002)},
	Title = {Variational approximation of flux in conforming finite element methods for elliptic partial differential equations: a model problem},
	Volume = {12},
	Year = {2001},
	Bdsk-Url-1 = {http://www.ams.org/mathscinet-getitem?mr=1898457}}

@book{QuaVal99,
	Address = {New York},
	Author = {Quarteroni, A. and Valli, A.},
	Date-Added = {2013-09-03 23:06:37 +0000},
	Date-Modified = {2013-09-03 23:08:30 +0000},
	Isbn = {0-19-850178-1},
	Mrclass = {65-02 (35J25 35Q30 35Q35 65M55 65N55)},
	Mrnumber = {1857663 (2002i:65002)},
	Mrreviewer = {Weimin Han},
	Note = {Oxford Science Publications},
	Pages = {xvi+360},
	Publisher = {The Clarendon Press Oxford University Press},
	Series = {Numerical Mathematics and Scientific Computation},
	Title = {Domain decomposition methods for partial differential equations},
	Year = {1999},
	Bdsk-Url-1 = {http://www.ams.org/mathscinet-getitem?mr=1857663}}

@article{HuEnMaLa00,
	Author = {Hughes, T.~J.~R. and Engel, G. and Mazzei, L. and Larson, M.~G.},
	Date-Added = {2013-09-03 23:03:44 +0000},
	Date-Modified = {2014-03-15 19:58:00 +0000},
	Journal = {J. Comput. Phys.},
	Number = {2},
	Pages = {467--488},
	Title = {The continuous {G}alerkin method is locally conservative},
	Volume = {163},
	Year = {2000},
	Bdsk-Url-1 = {http://www.ams.org/mathscinet-getitem?mr=1783558},
	Bdsk-Url-2 = {http://dx.doi.org/10.1006/jcph.2000.6577}}

@book{weatimyou90,
	Author = {W. Weaver Jr and S.~P. Timoshenko and D.~H. Young},
	Date-Added = {2013-08-13 14:06:59 +0000},
	Date-Modified = {2013-08-13 14:10:43 +0000},
	Publisher = {John Wiley \& Sons},
	Title = {Vibration problems in engineering},
	Year = {1990}}

@article{Dem94,
	Author = {Demkowicz, L.},
	Coden = {CMAPDK},
	Date-Added = {2013-07-15 20:17:24 +0000},
	Date-Modified = {2013-07-15 20:17:35 +0000},
	Doi = {10.1016/0898-1221(94)90087-6},
	Fjournal = {Computers \& Mathematics with Applications. An International Journal},
	Issn = {0898-1221},
	Journal = {Comput. Math. Appl.},
	Mrclass = {65N30 (65N38 73V05 73V10)},
	Mrnumber = {1284131 (95h:65080)},
	Mrreviewer = {I. N. Molchanov},
	Number = {12},
	Pages = {69--84},
	Title = {Asymptotic convergence in finite and boundary element methods. {I}. {T}heoretical results},
	Url = {http://dx.doi.org/10.1016/0898-1221(94)90087-6},
	Volume = {27},
	Year = {1994},
	Bdsk-Url-1 = {http://www.ams.org/mathscinet-getitem?mr=1284131},
	Bdsk-Url-2 = {http://dx.doi.org/10.1016/0898-1221(94)90087-6}}

@article{PatVal13,
	Author = {A.~T. Patera and S. Vallagh\'{e}},
	Date-Added = {2013-07-11 06:15:05 +0000},
	Date-Modified = {2013-07-11 06:17:06 +0000},
	Journal = {SIAM J. Sci. Comput. (submitted)},
	Title = {The static condensation reduced basis element method for a mixed-mean conjugate heat exchanger model},
	Year = {2013}}

@article{HuKnPa13b,
	Author = {Huynh, D.~B.~P. and Knezevic, D.~J. and Patera, A.~T.},
	Date-Added = {2013-07-11 06:08:41 +0000},
	Date-Modified = {2014-01-18 18:05:52 +0000},
	Journal = {Comput. Methods Appl. Mech. Engrg.},
	Pages = {197--216},
	Title = {A Static Condensation Reduced Basis Element Method: Complex Problems},
	Volume = {259},
	Year = {2013}}

@article{HuKnPa13,
	Author = {Huynh, D.~B.~P. and Knezevic, D.~J. and Patera, A.~T.},
	Date-Added = {2013-07-06 03:23:44 +0000},
	Date-Modified = {2014-03-15 19:57:31 +0000},
	Journal = {ESAIM Math. Model. Numer. Anal.},
	Number = {1},
	Pages = {213--251},
	Title = {A static condensation reduced basis element method: approximation and {\it a posteriori} error estimation},
	Volume = {47},
	Year = {2013},
	Bdsk-Url-1 = {http://www.ams.org/mathscinet-getitem?mr=2997501},
	Bdsk-Url-2 = {http://dx.doi.org/10.1051/m2an/2012022}}

@article{RozHuyPat08,
	Author = {Rozza, G. and Huynh, D.~B.~P. and Patera, A.~T.},
	Date-Added = {2013-07-06 03:23:42 +0000},
	Date-Modified = {2014-03-15 19:59:39 +0000},
	Journal = {Arch. Comput. Methods Eng.},
	Number = {3},
	Pages = {229--275},
	Title = {Reduced basis approximation and a posteriori error estimation for affinely parametrized elliptic coercive partial differential equations: application to transport and continuum mechanics},
	Volume = {15},
	Year = {2008},
	Bdsk-Url-1 = {http://www.ams.org/mathscinet-getitem?mr=2430350},
	Bdsk-Url-2 = {http://dx.doi.org/10.1007/s11831-008-9019-9}}

@article{BabSau00,
	Author = {Babu{\v{s}}ka, Ivo M. and Sauter, Stefan A.},
	Date-Added = {2013-07-05 19:09:03 +0000},
	Date-Modified = {2013-07-05 19:14:40 +0000},
	Doi = {10.1137/S0036142994269186},
	Fjournal = {SIAM Review},
	Issn = {0036-1445},
	Journal = {SIAM Rev.},
	Mrclass = {65N30},
	Mrnumber = {1786934},
	Number = {3},
	Pages = {451--484 (electronic)},
	Title = {Is the pollution effect of the {FEM} avoidable for the {H}elmholtz equation considering high wave numbers?},
	Volume = {42},
	Year = {2000},
	Bdsk-Url-1 = {http://www.ams.org/mathscinet-getitem?mr=1786934},
	Bdsk-Url-2 = {http://dx.doi.org/10.1137/S0036142994269186}}

@article{Mee08,
	Author = {Meerbergen, K.},
	Date-Added = {2013-07-03 22:42:40 +0000},
	Date-Modified = {2013-07-03 22:43:17 +0000},
	Journal = {Int. J. Numer. Methods Eng.},
	Number = {1},
	Pages = {96--106},
	Publisher = {Wiley Online Library},
	Title = {Fast frequency response computation for Rayleigh damping},
	Volume = {73},
	Year = {2008}}

@book{OhaSoi98,
	Address = {London, San Diego},
	Author = {Ohayon, Roger and Soize, Christian},
	Date-Added = {2013-07-03 22:21:29 +0000},
	Date-Modified = {2013-07-03 22:22:18 +0000},
	Publisher = {Academic Press},
	Title = {Structural acoustics and vibration: Mechanical models, variational formulations and discretization},
	Year = {1998}}

@incollection{DeuLarOha09,
	Author = {De{\"u}, J.-F. and Larbi, W. and Ohayon, R.},
	Booktitle = {Computational Aspects of Structural Acoustics and Vibration},
	Date-Added = {2013-07-03 22:17:05 +0000},
	Date-Modified = {2013-07-03 22:17:48 +0000},
	Pages = {1--21},
	Publisher = {Springer},
	Title = {Variational Formulations of Interior Structural-Acoustic Vibration Problems},
	Year = {2009}}

@article{TucPin08,
	Author = {Tuck-Lee, J.~P. and Pinsky, P.~M.},
	Date-Added = {2013-07-03 21:11:48 +0000},
	Date-Modified = {2013-07-03 21:12:30 +0000},
	Doi = {10.1002/nme.2102},
	Journal = {Int. J. Numer. Methods Eng.},
	Number = {5},
	Pages = {728-746},
	Title = {{Adaptive frequency windowing for multifrequency solutions in structural acoustics based on the matrix Pad{\'e}-via-Lanczos algorithm.}},
	Volume = {73},
	Year = {2008},
	Bdsk-Url-1 = {http://www.zentralblatt-math.org/zmath/en/search/?format=complete&q=an:1159.74048},
	Bdsk-Url-2 = {http://dx.doi.org/10.1002/nme.2102}}

@article{HetTezFar12,
	Author = {Hetmaniuk, U. and Tezaur, R. and Farhat, C.},
	Date-Added = {2013-07-03 21:08:25 +0000},
	Date-Modified = {2013-07-03 21:08:52 +0000},
	Doi = {10.1002/nme.4271},
	Journal = {Int. J. Numer. Methods Eng.},
	Number = {13},
	Pages = {1636-1662},
	Title = {{Review and assessment of interpolatory model order reduction methods for frequency response structural dynamics and acoustics problems.}},
	Volume = {90},
	Year = {2012},
	Bdsk-Url-1 = {http://www.zentralblatt-math.org/zmath/en/search/?format=complete&q=an:1246.74023},
	Bdsk-Url-2 = {http://dx.doi.org/10.1002/nme.4271}}

@article{LiFarAveTez12,
	Author = {Li, J. and Farhat, C. and Avery, P. and Tezaur, R.},
	Date-Added = {2013-07-03 21:00:20 +0000},
	Date-Modified = {2013-07-03 21:00:50 +0000},
	Doi = {10.1002/nme.3243},
	Journal = {Int. J. Numer. Methods Eng.},
	Number = {4},
	Pages = {418-437},
	Title = {{A dual-primal FETI method for solving a class of fluid-structure interaction problems in the frequency domain.}},
	Volume = {89},
	Year = {2012},
	Bdsk-Url-1 = {http://www.zentralblatt-math.org/zmath/en/search/?format=complete&q=an:1242.74136},
	Bdsk-Url-2 = {http://dx.doi.org/10.1002/nme.3243}}

@article{LukMar95,
	Author = {Luke, C.~J. and Martin, P.~A.},
	Coden = {SMJMAP},
	Date-Added = {2013-07-03 20:57:44 +0000},
	Date-Modified = {2013-07-03 20:58:31 +0000},
	Doi = {10.1137/S0036139993259027},
	Fjournal = {SIAM Journal on Applied Mathematics},
	Issn = {0036-1399},
	Journal = {SIAM J. Appl. Math.},
	Mrclass = {76Q05 (35J05 45F15 73K70)},
	Mrnumber = {1341532 (96g:76049)},
	Mrreviewer = {Serge{\u\i} Edelstein},
	Number = {4},
	Pages = {904--922},
	Title = {Fluid-solid interaction: acoustic scattering by a smooth elastic obstacle},
	Url = {http://dx.doi.org/10.1137/S0036139993259027},
	Volume = {55},
	Year = {1995},
	Bdsk-Url-1 = {http://www.ams.org/mathscinet-getitem?mr=1341532},
	Bdsk-Url-2 = {http://dx.doi.org/10.1137/S0036139993259027}}
