@misc{Ischebeck,
	author 	=	{{Friedrich Ischebeck}},
	Title	=	{Einladung zur Zahlentheorie},
	Year	=	{1991},
	url = {http://wwwmath.uni-muenster.de/u/ischebeck/ZAHL1.pdf},
	Shorthand = {Isc91}
}

@book{ScholzSchoeneberg,
	author 	=	{{Arnold Scholz, Bruno Schoeneberg}},
	Title	=	{Einf√ºhrung in die Zahlentheorie},
	Publisher = {de Gruyter},
	Year	=	{1961},
	Shorthand = {Sch61}
}

@misc{Halupczok,
	author 	=	{{Karin Halupczok}},
	Title	=	{Skript zur Elementaren Zahlentheorie},
	url	=	{http://wwwmath.uni-muenster.de/u/karin.halupczok/ElZthSS2009Skript.pdf},
	Shorthand = {Hal09}
}

@book{RemmertUllrich,
	author 	=	{{Reinhold Remmert, Peter Ullrich}},
	Title	=	{Elementare Zahlentheorie},
	Publisher = {Springer},
	Year	=	{2008},
	Shorthand = {RU08}
}