@misc{conic,
	author = {{Pbroks13}},
	year = {2009},
	url = {https://commons.wikimedia.org/wiki/File:Conic_sections_with_plane.svg}
}