@book{BlakeSeroussiSmart,
	author 	=	{{Ian F. Blake, Gadiel Seroussi, Nigel P. Smart}},
	Title	=	{Elliptic Curves in Cryptography},
	Publisher = {Cambridge University Press},
	Year	=	{1999},
	Shorthand = {BSS99}
}

@book{MenezesOorschotVanstone,
	author 	=	{{Alfred J. Menezes, Paul C. van Oorschot, Scott A. Vanstone}},
	Title	=	{Handbook of Applied Cryptography},
	Publisher = {CRC Press},
	Year	=	{1996},
	Shorthand = {MOV96}
}

@book{SilvermanEC,
	author 	=	{{Joseph H. Silverman}},
	Title	=	{The Arithmetic of Elliptic Curves},
	Publisher = {Springer},
	Year	=	{2009},
	Shorthand = {Sil09}
}

@book{SilvermanNT,
	author 	=	{{Joseph H. Silverman}},
	Title	=	{A Friendly Introduction to Number Theory},
	Publisher = {Pearson},
	Year	=	{2012},
	Shorthand = {Sil12}
}

@book{Washington,
	author 	=	{{Lawrence C. Washington}},
	Title	=	{Elliptic Curves, Number Theory and Cryptography},
	Publisher = {CRC Press},
	Year	=	{2008},
	Shorthand = {Was08}
}

@book{Werner,
	author 	=	{{Anne Werner}},
	Title	=	{Elliptische Kurven in der Kryptographie},
	Publisher = {Springer},
	Year	=	{2002},
	Shorthand = {Wer02}
}